@article{abzianidze2020us,
  title={Us vs. Them as Structural Equivalence: Analysing Nationalist Discourse Networks in the {G}eorgian Print Media},
  author={Abzianidze, Nino},
  journal={Politics and Governance},
  volume={8},
  number={2},
  pages={243--256},
  year={2020},
  doi={10.17645/pag.v8i2.2605}
}

@incollection{almiron2021think,
  title={Think Tanks Neoliberales y Falsos Debates: La Propuesta del Impuesto a la Carne para Combatir la Crisis Clim{\'a}tica},
  author={Almiron, N{\'u}ria and Moreno, Jose A.},
  year={2021},
  booktitle={La Comunicaci{\'o}n del Cambio Clim{\'a}tico, una Herramienta ante el Gran Desaf{\'i}o},
  editor={Rodrigo-Cano, Daniel and Mancinas Ch{\'a}vez, Rosalba and Fern{\'a}ndez Rial, Rogelio},
  publisher={Dykinson},
  address={Madrid},
  pages={224--251},
  chapter={9},
  url={https://www.torrossa.com/en/resources/an/5093569#}
}

@article{aryal2022navigating,
  title={Navigating Policy Debates of and Discourse Coalitions on {N}epal's Scientific Forest Management},
  author={Aryal, Kishor and Laudari, Hari Krishna and Maraseni, Tek and Pathak, Bhoj Raj},
  journal={Forest Policy and Economics},
  volume={141},
  pages={102768},
  year={2022},
  publisher={Elsevier},
  doi={10.1016/j.forpol.2022.102768}
}

@mastersthesis{bandau2021emerging,
  title={Emerging Institutions in the Global Space Sector. {A}n Institutional Logics Approach},
  author={Bandau, Sanja Lisa},
  year={2021},
  school={Utrecht University, Copernicus Institute of Sustainable Development},
  type={Master's Thesis},
  doi={20.500.12932/1139}
}

@article{bandelow2019one,
  title={One Discourse to Rule them All? {N}arrating the Agenda for Labor Market Policies in {F}rance and {G}ermany},
  author={Bandelow, Nils C. and Hornung, Johanna},
  journal={Policy and Society},
  volume={38},
  number={3},
  pages={408--428},
  year={2019},
  publisher={Taylor \& Francis},
  doi={10.1080/14494035.2019.1641379}
}

@book{barnickel2019postdemokratisierung,
  title={Postdemokratisierung der {L}egitimationspolitik: {D}iskursnetzwerke in bundesdeutschen {G}ro{\ss}en {R}egierungserkl{\"a}rungen und {A}ussprachen 1949--2014},
  author={Barnickel, Christiane},
  year={2019},
  publisher={Springer VS},
  address={Wiesbaden},
  doi={10.1007/978-3-658-25669-2}
}

@article{barnickel2020vorstellungen,
  title={Vorstellungen legitimen {R}egierens: {L}egitimationspolitik in der {G}ro{\ss}en {R}egierungserkl{\"a}rung der 19. {W}ahlperiode im {V}ergleich},
  author={Barnickel, Christiane},
  journal={Zeitschrift f{\"u}r Vergleichende Politikwissenschaft},
  volume={14},
  number={3},
  pages={199--223},
  year={2020},
  publisher={Springer},
  doi={10.1007/s12286-020-00458-1}
}

@article{baulenas2021she,
  title={She's a Rainbow: Forest and Water Policy and Management Integration in {G}ermany, {S}pain and {S}weden},
  author={Baulenas, Eul{\`a}lia},
  journal={Land Use Policy},
  volume={101},
  pages={105182},
  year={2021},
  publisher={Elsevier},
  doi={10.1016/j.landusepol.2020.105182}
}

@mastersthesis{belova2021another,
  title={Another Silver Bullet for the Energy Transition? {D}iscourse Network Analysis of {G}erman Hydrogen Debate},
  author={Belova, Arina},
  year={2021},
  school={Department of International Relations and European Studies, Energy Policy Studies, Masaryk University},
  address={Brno},
  url={https://is.muni.cz/th/upap7/}
}

@article{belova2023more,
  title={The More the Merrier? {A}ctors and Ideas in the Evolution of {G}erman Hydrogen Policy Discourse},
  author={Belova, Arina and Quittkat, Christine and Lehotsk{\`y}, Luk{\'a}{\v{s}} and Knodt, Mich{\`e}le and Osi{\v{c}}ka, Jan and Kemmerzell, J{\"o}rg},
  journal={Energy Research \& Social Science},
  volume={97},
  pages={102965},
  year={2023},
  publisher={Elsevier},
  doi={10.1016/j.erss.2023.102965}
}

@article{bhattacharya2020gatekeeping,
  title={Gatekeeping the Plenary Floor: Discourse Network Analysis as a Novel Approach to Party Control},
  author={Bhattacharya, Caroline},
  journal={Politics and Governance},
  volume={8},
  number={2},
  pages={229--242},
  year={2020},
  doi={10.17645/pag.v8i2.2611}
}

@article{bhattacharya2023restrictive,
  title={Restrictive Rules of Speechmaking as a Tool to Maintain Party Unity: The Case of Oppressed Political Conflict in {G}erman Parliament Debates on the {E}uro Crisis},
  author={Bhattacharya, Caroline},
  journal={Party Politics},
  year={2023},
  publisher={SAGE Publications Sage UK: London, England},
  volume={29},
  number={3},
  pages={554â€“-569},
  doi={10.1177/13540688221086226}
}

@mastersthesis{blazek2021does,
  title={Does the Climate Matter? {D}iscourse Network Analysis of Climate Delayism in the {C}zech {R}epublic},
  author={Bla{\v{z}}ek, David},
  year={2021},
  school={Masaryk University, Faculty of Social Studies},
  url={https://is.muni.cz/th/zq777/}
}

@inproceedings{blessing2019environment,
  title={An Environment for Relational Annotation of Political Debates},
  author={Blessing, Andr{\'e} and Blokker, Nico and Haunss, Sebastian and Kuhn, Jonas and Lapesa, Gabriella and Pad{\'o}, Sebastian},
  booktitle={Proceedings of the 57th Annual Meeting of the {A}ssociation for {C}omputational {L}inguistics: System Demonstrations},
  pages={105--110},
  year={2019},
  doi={10.18653/v1/P19-3018}
}

@book{boas2015climate,
  title={Climate Migration and Security: Securitisation as a Strategy in Climate Change Politics},
  author={Boas, Ingrid},
  year={2015},
  publisher={Routledge},
  address={New York},
  doi={10.4324/9781315749228}
}

@mastersthesis{bodisova2018european,
  title={Eur{\'o}pske z{\'a}ujmov{\'e} skupiny a rev{\'i}zia Smernice o energetickej efekt{\'i}vnosti -- anal{\`y}za diskurz{\'i}vnych siet{\'i}},
  author={Bodi{\v{s}}ov{\'a}, \v{L}ubica},
  year={2018},
  school={Masaryk University, Faculty of Social Studies},
  type={Master's Thesis},
  url={https://is.muni.cz/th/rrnds/}
}

@article{bossner2020discourse,
  title={Discourse Networks and Dual Screening: Analyzing Roles, Content and Motivations in Political {T}witter Conversations},
  author={Bossner, Felix and Nagel, Melanie},
  journal={Politics and Governance},
  volume={8},
  number={2},
  pages={311--325},
  year={2020},
  publisher={Cogitatio Press},
  doi={10.17645/pag.v8i2.2573}
}

@article{brandenberger2019predicting,
  title={Predicting Network Events to Assess Goodness of Fit of Relational Event Models},
  author={Brandenberger, Laurence},
  journal={Political Analysis},
  volume={27},
  number={4},
  pages={556--571},
  year={2019},
  publisher={Cambridge University Press},
  doi={10.1017/pan.2019.10}
}

@article{breindl2013discourse,
  title={Discourse Networks on State-Mandated Access Blocking in {G}ermany and {F}rance},
  author={Breindl, Yana},
  journal={info},
  year={2013},
  volume={15},
  number={6},
  pages={42--62},
  publisher={Emerald Group Publishing Limited},
  doi={10.1108/info-03-2013-0011}
}

@article{broadbent2016conflicting,
  title={Conflicting Climate Change Frames in a Global Field of Media Discourse},
  author={Broadbent, Jeffrey and Sonnett, John and Botetzagias, Iosef and Carson, Marcus and Carvalho, Anabela and Chien, Yu-Ju and Edling, Christopher and Fisher, Dana R. and Giouzepas, Georgios and Haluza-DeLay, Randolph and Hazegawa, Koichi and Hirschi, Christian and Horta, Ana and Ikeda, Kazuhiro and Jin, Jun and Ku, Dowan and Lahsen, Myanna and Lee, Ho-Ching and Lin, Tze-Luen Alan and Malang, Thomas and Ollmann, Jana and Payne, Diane and Pellissery, Sony and Price, Stephen and Pulver, Simone and Sainz, Jaime and Satoh, Keiichi and Saunders, Clare and Schmidt, Luisa and Stoddart, Mark C. J. and Swarnakar, Pradip and Tatsumi, Tomoyuki and Tindall, David and Vaughter, Philip and Wagner, Paul and Yun, Sun-Jin and Zhengyi, Sun},
  journal={Socius: Sociological Research for a Dynamic World},
  volume={2},
  pages={1--17},
  year={2016},
  publisher={Sage Publications Sage CA: Los Angeles, CA},
  doi={10.1177/2378023116670660}
}

@incollection{broadbentinter,
  title={Inter-Disciplinary Analysis of Climate Change and Society: A Network Approach},
  author={Broadbent, Jeffrey and Vaughter, Philip},
  year={2014},
  booktitle={Understanding Society and Natural Resources. {F}orging New Strands of Integration across the Social Sciences},
  editor={Manfredo, Michael J. and Vaske, Jerry J. and Rechkemmer, Andreas and Duke, Esther A.},
  publisher={Springer Open},
  address={Dordrecht, Heidelberg, New York, London},
  chapter={10},
  pages={203--228},
  doi={10.1007/978-94-017-8959-2_10}
}

@article{brugger2022defenders,
  title={Defenders of the Status Quo: Making Sense of the International Discourse on Transfer Pricing Methodologies},
  author={Brugger, Fritz and Engebretsen, Rebecca},
  journal={Review of International Political Economy},
  volume={29},
  number={1},
  pages={307--335},
  year={2022},
  publisher={Taylor \& Francis},
  doi={10.1080/09692290.2020.1807386}
}

@article{brugger2021influence,
  title={Influence of Policy Discourse Networks on Local Energy Transitions},
  author={Brugger, Heike and Henry, Adam Douglas},
  journal={Environmental Innovation and Societal Transitions},
  volume={39},
  pages={141--154},
  year={2021},
  publisher={Elsevier},
  doi={10.1016/j.eist.2021.03.006}
}

@mastersthesis{brunner2021der,
  title={Der {E}influss von {I}nteressensgruppen auf die {US}-{A}u{\ss}enpolitik. {E}in {V}ergleich der {I}sraelpolitik zwischen den {K}abinetten {O}bama {II} und {T}rump},
  author={Brunner, Luisa},
  year={2021},
  type={Master's Thesis},
  school={Leopold-Franzens-Universit{\"a}t Innsbruck, Fakult{\"a}t f{\"u}r Soziale und Politische Wissenschaften},
  url={https://resolver.obvsg.at/urn:nbn:at:at-ubi:1-85613}
}

@phdthesis{brutschin2013dynamics,
  title={Dynamics in {EU} Policy-Making: The Liberalization of the {E}uropean Gas Market},
  author={Brutschin, Elina},
  year={2013},
  school={University of Konstanz, Department of Politics and Public Administration},
  type={Doctoral Dissertation},
  url={http://nbn-resolving.de/urn:nbn:de:bsz:352-253135}
}

@article{buckton2019discourse,
  title={A Discourse Network Analysis of {UK} Newspaper Coverage of the ``Sugar Tax'' Debate before and after the Announcement of the Soft Drinks Industry Levy},
  author={Buckton, Christina H. and Fergie, Gillian and Leifeld, Philip and Hilton, Shona},
  journal={BMC Public Health},
  volume={19},
  number={490},
  pages={1--14},
  year={2019},
  publisher={Springer},
  doi={10.1186/s12889-019-6799-9}
}

@phdthesis{cassiers2018politics,
  title={``Politics... or just Work''? On the Role of Territoriality in Policy Networks. {T}he Case of Transportation Policies in the Cross-Border Metropolitan Regions of {B}russels and {L}uxembourg},
  author={Cassiers, Tim},
  year={2018},
  type={Doctoral Dissertation},
  school={KU Leuven, Division of Geography and Tourism},
  url={https://kuleuven.limo.libis.be/discovery/fulldisplay?docid=lirias2000485&context=SearchWebhook&vid=32KUL_KUL:Lirias&search_scope=lirias_profile&tab=LIRIAS&adaptor=SearchWebhook&lang=en}
}

@article{cerny2018limity,
  title={Limity {\v{c}}esk{\'e} energetick{\'e} tranzice v politick{\'e} perspektiv{\v{e}}: p{\v{r}}{\'i}pad t{\v{e}}{\v{z}}by uhl{\'i}},
  author={{\v{C}}ern{\`y}, Ond{\v{r}}ej},
  year={2018},
  type={Diploma Thesis},
  school={Masaryk University, Faculty of Social Studies},
  url={https://is.muni.cz/th/x2ppa/}
}

@article{cerny2020incumbents,
  title={Incumbents' Strategies in Media Coverage: A Case of the {C}zech Coal Policy},
  author={{\v{C}}ern{\`y}, Ond{\v{r}}ej and Ocel{\'\i}k, Petr},
  journal={Politics and Governance},
  volume={8},
  number={2},
  pages={272--285},
  year={2020},
  doi={10.17645/pag.v8i2.2610}
}

@mastersthesis{cicko2018analyza,
  title={Anal{\`y}za diskurz{\'i}vnych siet{\'i} v energetickej politike {\v{C}}eskej republiky},
  author={Cicko, Mat{\'u}{\v{s}}},
  year={2018},
  school={Masarykova univerzita, Fakulta soci{\'a}ln{\'\i}ch studi{\'\i}},
  type={Master's Thesis},
  url={https://is.muni.cz/th/v3fey/}
}

@phdthesis{ciordia2020less,
  title={Less Divided after {ETA}? {G}reen Networks in the {B}asque Country between 2007 and 2017},
  author={Ciordia Morandeira, Alejandro},
  year={2020},
  school={University of Trento, School of Social Sciences},
  doi={10.15168/11572_277816}
}

@mastersthesis{coronado2015reforma,
  title={La Reforma Tributaria 2014: Un an{\'a}lisis desde las coaliciones discursivas},
  author={Coronado Vigueras, Rodrigo Alonso},
  year={2015},
  publisher={Universidad de Chile, Facultad de Ciencias F{\'i}sicas y Matem{\'a}ticas},
  type={Tesis Postgrado},
  url={https://repositorio.uchile.cl/handle/2250/137806}
}

@incollection{dalimunthe2022depicting,
  title={Depicting Mangrove's Potential as Blue Carbon Champion in Indonesia},
  author={Dalimunthe, Syarifah Aini and Putri, Intan Adhi Perdana and Prasojo, Ari Purwanto Sarwo},
  booktitle={Assessing, Mapping and Modelling of Mangrove Ecosystem Services in the Asia-Pacific Region},
  pages={167--181},
  editor={Dasgupta, Rajarshi and Hashimoto, Shizuka and Saito, Osamu},
  year={2022},
  publisher={Springer},
  address={Singapore},
  doi={10.1007/978-981-19-2738-6_9}
}

@article{diaz2018competing,
  title={Competing Actors in the Climate Change Arena in {M}exico: A Network Analysis},
  author={D{\'\i}az, Araceli Ortega and Guti{\'e}rrez, Erika Casamadrid},
  journal={Journal of Environmental Management},
  volume={215},
  pages={239--247},
  year={2018},
  publisher={Elsevier},
  doi={10.1016/j.jenvman.2018.03.056}
}

@mastersthesis{Drozdzynski2022common,
  title={The Common Agricultural Policy Post 2020: An Analysis of the Beliefs of Selected Key Stakeholders},
  author={Drozdzynski, Franziska Alexandra},
  year={2022},
  school={University of Twente, Faculty of Behavioural, Management and Social Sciences},
  type={Master's Thesis},
  url={https://purl.utwente.nl/essays/92422}
}

@phdthesis{duygan2018actor,
  title={An Actor-Based Analysis of Political Context for Supporting Sustainability Transitions of Socio-Technical Systems: A Study of {S}wiss Waste Management},
  author={Duygan, Mert},
  year={2018},
  school={ETH Z{\"u}rich, Department of Environmental Systems Science},
  type={Doctoral Dissertation},
  doi={10.3929/ethz-b-000336657}
}

@article{duygan2019heuristic,
  title={A Heuristic for Conceptualizing and Uncovering the Determinants of Agency in Socio-Technical Transitions},
  author={Duygan, Mert and Stauffacher, Michael and Meylan, Gr{\'e}goire},
  journal={Environmental Innovation and Societal Transitions},
  volume={33},
  pages={13--29},
  year={2019},
  publisher={Elsevier},
  doi={10.1016/j.eist.2019.02.002}
}

@article{duygan2018discourse,
  title={Discourse Coalitions in {S}wiss Waste Management: Gridlock or Winds of Change?},
  author={Duygan, Mert and Stauffacher, Michael and Meylan, Gr{\'e}goire},
  journal={Waste Management},
  volume={72},
  pages={25--44},
  year={2018},
  publisher={Elsevier},
  doi={10.1016/j.wasman.2017.11.006}
}

@article{duygan2021constitutes,
  title={What Constitutes Agency? {D}eterminants of Actors' Influence on Formal Institutions in {S}wiss Waste Management},
  author={Duygan, Mert and Stauffacher, Michael and Meylan, Gr{\'e}goire},
  journal={Technological Forecasting and Social Change},
  volume={162},
  pages={120413},
  year={2021},
  publisher={Elsevier},
  doi={10.1016/j.techfore.2020.120413}
}

@incollection{eberlein2020building,
  title={Building Bridges: How Discourse Network Analysis ({DNA}) can Help {CSR} Research to Investigate the ``New'' Political Role of Corporations},
  author={Eberlein, Burkard and Rinscheid, Adrian},
  year={2020},
  booktitle={Politische Komplexit{\"a}t, Governance von Innovationen und Policy-Netzwerke},
  editor={Nagel, Melanie and Kenis, Patrick and Leifeld, Philip and Schmedes, Hans-J{\"o}rg},
  pages={139--146},
  publisher={Springer VS},
  address={Wiesbaden},
  doi={10.1007/978-3-658-30914-5_16}
}

@book{eder2015irakkrieg,
  title={Der Irakkrieg 2003},
  author={Eder, Franz},
  year={2015},
  publisher={Innsbruck University Press},
  address={Innsbruck},
  doi={10.15203/2936-75-2}
}

@incollection{eder2023discourse,
  title={Discourse Network Analysis},
  author={Eder, Franz},
  booktitle={Routledge Handbook of Foreign Policy Analysis Methods},
  year={2023},
  editor={Mello, Patrick A. and Ostermann, Falk},
  publisher={Taylor \& Francis},
  chapter={32},
  pages={516--535},
  doi={10.4324/9781003139850-39}
}

@article{eder2019making,
  title={Making Concurrence-Seeking Visible: Groupthink, Discourse Networks, and the 2003 {I}raq War},
  author={Eder, Franz},
  year={2019},
  journal={Foreign Policy Analysis},
  volume={15},
  number={1},
  pages={21--42},
  doi={10.1093/fpa/orx009}
}

@article{eder2021contesting,
  title={Contesting Counter-Terrorism: Discourse Networks and the Politicisation of Counter-Terrorism in {A}ustria},
  author={Eder, Franz and Libiseller, Chiara and Schneider, Bernhard},
  journal={Journal of International Relations and Development},
  volume={24},
  number={1},
  pages={171--195},
  year={2021},
  publisher={Springer},
  doi={10.1057/s41268-020-00187-8}
}

@article{edvra2023tipologi,
  title={Tipologi Jaringan Wacana dan Komunikator Publik dalam Berita Omicron Baru di Media Online},
  author={Edvra, Paulus Angre and Ahmad, Nyarwi},
  journal={Jurnal Riset Komunikasi},
  volume={6},
  number={1},
  pages={58--79},
  year={2023},
  doi={10.38194/jurkom.v6i1.698}
}

@article{eriyanto2020discourse,
  title={Discourse Network of a Public Issue Debate: A Study on Covid-19 Cases in {I}ndonesia},
  author={Eriyanto and Ali, Denny Januar},
  journal={Jurnal Komunikasi: {M}alaysian Journal of Communication},
  pages={209--227},
  year={2020},
  volume={36},
  number={3},
  doi={10.17576/JKMJC-2020-3603-13}
}

@article{fergie2019mapping,
  title={Mapping Discourse Coalitions in the Minimum Unit Pricing for Alcohol Debate: A Discourse Network Analysis of {UK} Newspaper Coverage},
  author={Fergie, Gillian and Leifeld, Philip and Hawkins, Ben and Hilton, Shona},
  journal={Addiction},
  volume={114},
  number={4},
  pages={741--753},
  year={2019},
  doi={10.1111/add.14514}
}

@article{ferrare2021ideological,
  title={Ideological Tensions in Education Policy Networks: An Analysis of the Policy Innovators in Education Network in the {U}nited {S}tates},
  author={Ferrare, Joseph and Carter-Stone, Laura and Galey-Horn, Sarah},
  journal={Foro de Educacion},
  volume={19},
  number={1},
  pages={11--28},
  year={2021},
  doi={10.14516/fde.819}
}

@inproceedings{filippini2018trends,
  title={Trends in Urban Food Strategies},
  author={Filippini, Rosalia and Mazzocchi, Chiara and Corsi, Stefano},
  year={2015},
  booktitle={Re-Imagining Sustainable Food Planning, Building Resourcefulness: Food Movements, Insurgent Planning and Heterodox Economics: Proceedings of the 8th Annual Conference {AESOP} Sustainable Food Planning Group},
  editor={Tornaghi, Chiara},
  pages={79--88},
  publisher={Coventry University},
  address={Coventry},
  doi={https://pureportal.coventry.ac.uk/en/publications/re-imagining-sustainable-food-planning-building-resourcefulness-f}
}

@article{fisher2019polycentricity,
  title={The Polycentricity of Climate Policy Blockage},
  author={Fisher, Dana R. and Leifeld, Philip},
  journal={Climatic Change},
  volume={155},
  number={4},
  pages={469--487},
  year={2019},
  publisher={Springer},
  doi={10.1007/s10584-019-02481-y}
}

@article{fisher2013mapping,
  title={Mapping the Ideological Networks of {A}merican Climate Politics},
  author={Fisher, Dana R. and Leifeld, Philip and Iwaki, Yoko},
  journal={Climatic Change},
  volume={116},
  number={3},
  pages={523--545},
  year={2013},
  publisher={Springer},
  doi={10.1007/s10584-012-0512-7}
}

@article{fisher2013does,
  title={Where does Political Polarization Come from? {L}ocating Polarization within the {US} Climate Change Debate},
  author={Fisher, Dana R. and Waggle, Joseph and Leifeld, Philip},
  journal={American Behavioral Scientist},
  volume={57},
  number={1},
  pages={70--92},
  year={2013},
  publisher={Sage Publications Sage CA: Los Angeles, CA},
  doi={10.1177/0002764212463360}
}

@mastersthesis{friis2020populist,
  title={Populist Radical Right Parties into Parliament: Changes in Mainstream Parties' Political Positions in Parliamentary Debates on Immigration and Refugees},
  author={Friis, Gustav},
  year={2020},
  school={Uppsala University, Disciplinary Domain of Humanities and Social Sciences, Faculty of Social Sciences, Department of Government},
  address={Uppsala},
  url={http://urn.kb.se/resolve?urn=urn:nbn:se:uu:diva-403427}
}

@article{galey2020using,
  title={Using Policy Network Analysis to Understand Ideological Convergence and Change in Educational Subsystems},
  author={Galey-Horn, Sarah and Ferrare, Joseph J.},
  journal={Education Policy Analysis Archives},
  volume={28},
  number={118},
  year={2020},
  publisher={ERIC},
  doi={10.14507/epaa.28.4508}
}

@article{galey2020building,
  title={Building Consensus: Idea Brokerage in Teacher Policy Networks},
  author={Galey-Horn, Sarah and Reckhow, Sarah and Ferrare, Joseph J. and Jasny, Lorien},
  journal={American Educational Research Journal},
  volume={57},
  number={2},
  pages={872--905},
  year={2020},
  publisher={SAGE Publications Sage CA: Los Angeles, CA},
  doi={10.3102/0002831219872738}
}

@article{galli2021privileged,
  title={Privileged Accounts in the Debate over Coal-Fired Power in the {U}nited {S}tates},
  author={Galli Robertson, Anya M.},
  journal={Society \& Natural Resources},
  volume={34},
  number={2},
  pages={188--207},
  year={2021},
  publisher={Taylor \& Francis},
  doi={10.1080/08941920.2020.1781989}
}

@mastersthesis{gallmann2021depicting,
  title={Depicting Climate Change in a Vulnerable Country: Agenda-Setting and a Discourse Network Approach on {P}hilippine Broadsheet Media},
  author={Gallmann, Maria Rachelle},
  year={2021},
  type={Master's Thesis},
  school={University of Bern, Faculty of Science, Oeschger Centre for Climate Change Research},
  url={https://occrdata.unibe.ch/students/theses/msc/324.pdf}
}

@article{geddes2020politics,
  title={The Politics of Climate Finance: Consensus and Partisanship in Designing Green State Investment Banks in the {U}nited {K}ingdom and {A}ustralia},
  author={Geddes, Anna and Schmid, Nicolas and Schmidt, Tobias S. and Steffen, Bjarne},
  journal={Energy Research \& Social Science},
  volume={69},
  pages={101583},
  year={2020},
  publisher={Elsevier},
  doi={10.1016/j.erss.2020.101583}
}

@article{ghinoi2021local,
  title={Local Policymakers' Attitudes towards Climate Change: A Multi-Method Case Study},
  author={Ghinoi, Stefano and De Vita, Riccardo and Silvestri, Francesco},
  journal={Social Networks},
  year={2021},
  publisher={Elsevier},
  note={Forthcoming},
  doi={10.1016/j.socnet.2021.09.001}
}

@article{ghinoi2018political,
  title={Political Debates and Agricultural Policies: Discourse Coalitions behind the Creation of {B}razil's {P}ronaf},
  author={Ghinoi, Stefano and Junior, Valdemar Jo{\~a}o Wesz and Piras, Simone},
  journal={Land Use Policy},
  volume={76},
  pages={68--80},
  year={2018},
  publisher={Elsevier},
  doi={10.1016/j.landusepol.2018.04.039}
}

@article{ghinoi2023expert,
  title={Expert Knowledge and Social Innovation: Analysing Policy Debates in {J}apan},
  author={Ghinoi, Stefano and Omori, Miki},
  journal={Journal of Social Entrepreneurship},
  note={Forthcoming},
  year={2023},
  publisher={Taylor \& Francis},
  doi={10.1080/19420676.2023.2178485}
}

@article{ghinoi2020political,
  title={The Political Debate on Climate Change in {I}taly: A Discourse Network Analysis},
  author={Ghinoi, Stefano and Steiner, Bodo},
  journal={Politics and Governance},
  volume={8},
  number={2},
  pages={215--228},
  year={2020},
  publisher={Cogitatio Press},
  doi={10.17645/pag.v8i2.2577}
}

@article{gielens2023between,
  title={Between Left and Right: A Discourse Network Analysis of Universal Basic Income on {D}utch {T}witter},
  author={Gielens, Erwin and Roosma, Femke and Achterberg, Peter},
  journal={Journal of Social Policy},
  doi={10.1017/S0047279422000976},
  year={2023},
  note={Forthcoming}
}

@article{gkiouzepas2017climate,
  title={Climate Change Coverage in {G}reek Newspapers: 2001--2008},
  author={Gkiouzepas, Georgios and Botetzagias, Iosif},
  journal={Environmental Communication},
  volume={11},
  number={4},
  pages={490--514},
  year={2017},
  publisher={Taylor \& Francis},
  doi={10.1080/17524032.2015.1047888}
}

@incollection{gupta2022discourse,
  title={Discourse Network Analysis of Nuclear Narratives},
  author={Gupta, Kuhika and Ripberger, Joseph and Fox, Andrew and Jenkins-Smith, Hank C. and Silva, Carol},
  booktitle={Narratives and the Policy Process: Applications of the Narrative Policy Framework},
  year={2022},
  publisher={Montana State University Library},
  address={Bozeman, MT},
  editor={Jones, Michael D. and McBeth, Mark K. and Shanahan, Elizabeth},
  chapter={2},
  pages={13--38},
  doi={10.15788/npf2}
}

@inproceedings{gutierrez2022framing,
  title={Framing and Decisions: The Punctuations of the Mexican Power Generation Policy Subsystem},
  author={Guti{\'e}rrez Meave, Ra{\'u}l},
  year={2022},
  booktitle={European Administrative Area: Integration and Resilience Dynamics. {P}roceedings of the International Conference {EU-PAIR} 2022},
  editor={Bercu, Ana-Maria and Bilan, Irina and Apostoaie, Constantin-Marius},
  pages={275--286},
  publisher={Editura Universit\u{a}\textcommabelow{t}ii ``Alexandru Ioan Cuza'' din Ia\textcommabelow{s}i},
  address={Ia\textcommabelow{s}i},
  url={http://eu-pair.uaic.ro/wp-content/uploads/2022/11/volum_EUPAIR_2022.pdf}
}

@phdthesis{gutierrez2022redes,
  title={Redes de discurso, coaliciones y decisiones: la pol{\'i}tica de generaci{\'o}n el{\'e}ctrica en M{\'e}xico 1994--2018},
  author={Guti{\'e}rrez Meave, Ra{\'u}l},
  year={2022},
  school={Centro de Investigaci{\'o}n y Docencia Econ{\'o}micas (CIDE), Doctorado en Pol{\'i}ticas P{\'u}blicas},
  doi={11651/5321}
}

@phdthesis{hanschmann2019stalling,
  author={Hanschmann, Raffael},
  title={Stalling the Engine? {EU} Climate Politics after the ``Great Recession''. {I}nvestigating the Impact of Economic Shocks on {EU} Climate Policy-Making in Three Case Studies},
  year={2019},
  type={Doctoral Dissertation},
  school={University of Potsdam, Faculty of Economics and Social Sciences},
  doi={10.25932/publishup-44044},
}

@incollection{hanschmann2017polarized,
  title={Polarized Business Interests. {EU} Climate Policy-Making during the ``Great Recession''},
  author={Hanschmann, Raffael},
  year={2017},
  booktitle={Public Policy, Governance and Polarization. {M}aking Governance Work},
  editor={Jesuit, David K. and Williams, Russel Alan},
  series={Routledge Critical Studies in Public Management},
  edition={1st},
  pages={126--156},
  chapter={6},
  publisher={Routledge},
  address={London},
  doi={10.4324/9781315560342}
}

@phdthesis{hasselbalch2017contentious,
  title={The Contentious Politics of Disruptive Innovation: Vaping and Fracking in the {E}uropean {U}nion},
  author={Hasselbalch, Jacob},
  year={2017},
  school={University of Warwick, Department of Politics and International Studies and Universit{\'e} Libre de Bruxelles, D{\'e}partement de Sciences Politiques},
  url={http://wrap.warwick.ac.uk/93146}
}

@article{hasselbalch2019framing,
  title={Framing Brain Drain: Between Solidarity and Skills in {E}uropean Labor Mobility},
  author={Hasselbalch, Jacob A.},
  journal={Review of International Political Economy},
  volume={26},
  number={6},
  pages={1333--1360},
  year={2019},
  publisher={Taylor \& Francis},
  doi={10.1080/09692290.2019.1626755}
}

@incollection{haunss2017de,
  title={(De-)Legitimating Discourse Networks: Smoke without Fire?},
  author={Haunss, Sebastian},
  year={2017},
  booktitle={Capitalism and Its Legitimacy in Times of Crisis},
  editor={Schneider, Steffen and Schmidtke, Henning and Haunss, Sebastian and Gronau, Jennifer},
  chapter={7},
  pages={191--220},
  publisher={Palgrave Macmillan},
  address={Cham, Switzerland},
  doi={10.1007/978-3-319-53765-8_7}
}

@article{haunss2013ausstieg,
  title={Der {A}usstieg aus der {A}tomenergie: {D}iskursnetzwerkanalyse als {B}eitrag zur {E}rkl{\"a}rung einer radikalen {P}olitikwende},
  author={Haunss, Sebastian and Dietz, Matthias and Nullmeier, Frank},
  year={2013},
  journal={Zeitschrift f{\"u}r Diskursforschung / Journal for Discourse Studies},
  volume={1},
  number={3},
  pages={288--316},
  url={https://nbn-resolving.org/urn:nbn:de:bvb:384-opus4-996532}
}

@article{haunss2022multimodal,
  title={Multimodal Mechanisms of Political Discourse Dynamics and the Case of {G}ermany's Nuclear Energy Phase-Out},
  author={Haunss, Sebastian and Hollway, James},
  journal={Network Science},
  pages={1--19},
  year={2022},
  publisher={Cambridge University Press},
  note={Forthcoming},
  doi={10.1017/nws.2022.31}
}

@article{haunss2020integrating,
  title={Integrating Manual and Automatic Annotation for the Creation of Discourse Network Data Sets},
  author={Haunss, Sebastian and Kuhn, Jonas and Pad{\'o}, Sebastian and Blessing, Andre and Blokker, Nico and Dayanik, Erenay and Lapesa, Gabriella},
  journal={Politics and Governance},
  volume={8},
  number={2},
  pages={326--339},
  year={2020},
  publisher={Cogitatio Press},
  doi={10.17645/pag.v8i2.2591}
}

@incollection{haunss2015finanzkrise,
  title={Finanzkrise ohne {L}egitimationskrise? {K}apitalismuskritik in der deutschen {Q}ualit{\"a}tspresse},
  author={Haunss, Sebastian and Lenke, Falk and Schmidtke, Henning and Schneider, Steffen},
  year={2015},
  booktitle={Legitimit{\"a}t. {G}esellschaftliche, politische und wissenschaftliche {B}ruchlinien in der {R}echtfertigung},
  editor={Dammayr, Maria and Grass, Doris and Rothm{\"u}ller, Barbara},
  publisher={Transcript},
  address={Bielefeld},
  pages={73--94},
  doi={10.14361/9783839431818-004}
}

@article{hayward2023restrictive,
  title={Restrictive Practices and the ``Need'' for Positive Behaviour Support ({PBS}): A Critical Discourse Examination of Disability Policy Beliefs},
  author={Hayward, Brent A. and McKay-Brown, Lisa and Poed, Shiralee},
  year={2023},
  journal={Journal of Intellectual Disabilities},
  volume={27},
  number={1},
  pages={170--189},
  publisher={Sage Publications Sage UK: London, England},
  doi={10.1177/17446295211062383}
}

@phdthesis{heiberg2022geography,
  title={The Geography of Configurations that Work},
  author={Heiberg, Jonas},
  year={2022},
  type={Doctoral Dissertation},
  school={Universiteit Utrecht, Copernicus Institute of Sustainable Development},
  doi={1874/420471}
}

@article{heiberg2020geography,
  title={The Geography of Technology Legitimation: How Multiscalar Institutional Dynamics Matter for Path Creation in Emerging Industries},
  author={Heiberg, Jonas and Binz, Christian and Truffer, Bernhard},
  journal={Economic Geography},
  volume={96},
  number={5},
  pages={470--498},
  year={2020},
  publisher={Taylor \& Francis},
  doi={10.1080/00130095.2020.1842189}
}

@article{heiberg2022assessing,
  title={Assessing Transitions through Socio-Technical Configuration Analysis -- A Methodological Framework and a Case Study in the Water Sector},
  author={Heiberg, Jonas and Truffer, Bernhard and Binz, Christian},
  journal={Research Policy},
  volume={51},
  number={1},
  pages={104363},
  year={2022},
  publisher={Elsevier},
  doi={10.1016/j.respol.2021.104363}
}

@phdthesis{henrichsen2020party,
  title={Party Competition as Interdependent Process -- Assessing the Contagion Effect of {E}urosceptic Parties in {I}taly},
  author={Henrichsen, Tim},
  year={2020},
  school={Sant'Anna School of Advanced Studies Pisa, Joint {PhD} in Political Science, European Politics and International Relations},
  doi={10.15168/11572_277816}
}

@article{herranz2020authority,
  title={``Authority Shifts'' in Global Governance: Intersecting Politicizations and the Reform of Investor--State Arbitration},
  author={Herranz-Surrall{\'e}s, Anna},
  journal={Politics and Governance},
  volume={8},
  number={1},
  pages={336--347},
  year={2020},
  doi={10.17645/pag.v8i1.2651}
}

@article{hertwig2022hybride,
  title={Hybride {I}nteressenvertretung in der {P}lattform{\"o}konomie. {H}erausforderungen des ``Coalition Building'' bei der {K}ooperation zwischen {IG} {M}etall und {Y}ou{T}ubers {U}nion},
  author={Hertwig, Markus and Witzak, Patrick},
  journal={Zeitschrift f{\"u}r Soziologie},
  volume={51},
  number={2},
  pages={174--192},
  year={2022},
  publisher={De Gruyter Oldenbourg},
  doi={10.1515/zfsoz-2022-0010}
}

@article{hilton2020policy,
  title={Policy Congruence and Advocacy Strategies in the Discourse Networks of Minimum Unit Pricing for Alcohol and the Soft Drinks Industry Levy},
  author={Hilton, Shona and Buckton, Christina H. and Henrichsen, Tim and Fergie, Gillian and Leifeld, Philip},
  journal={Addiction},
  volume={115},
  number={12},
  pages={2303--2314},
  year={2020},
  publisher={Wiley Online Library},
  doi={10.1111/add.15068}
}

@article{hodge2020tracing,
  title={Tracing States' Messages about Common Core Instruction: An Analysis of {E}nglish/Language Arts and Close Reading Resources},
  author={Hodge, Emily M. and Benko, Susanna L. and Salloum, Serena J.},
  journal={Teachers College Record},
  volume={122},
  number={3},
  pages={1--42},
  year={2020},
  publisher={SAGE Publications Sage CA: Los Angeles, CA},
  doi={10.1177/016146812012200303}
}

@mastersthesis{holma2021suomesta,
  title={Suomesta yritysvastuun edell{\"a}k{\"a}vij{\"a}?: Diskurssiverkostoanalyysi suomalaisesta yritysvastuukeskustelusta},
  author={Holma, Katariina},
  year={2021},
  type={Master's Thesis},
  school={University of Helsinki, Faculty of Social Sciences},
  doi={10138/329841}
}

@phdthesis{hopkins2020lobbying,
  title={Lobbying for Democracy: Interest Groups in {C}anada's Parliamentary System},
  author={Hopkins, Vincent},
  year={2020},
  school={Simon Fraser University, Department of Political Science},
  url={https://summit.sfu.ca/item/20306}
}

@phdthesis{horning2017understanding,
  title={Understanding Structure and Character in Rural Water Governance Networks},
  author={Horning, Darwin Glen},
  year={2017},
  school={University of British Columbia, College of Graduate Studies},
  doi={2429/60346}
}

@incollection{hornung2023programmatisches,
  title={Programmatisches {H}andeln in der deutschen {V}erkehrspolitik. {G}emeinsame {I}dentitÃ¤ten von {A}kteuren im {U}mfeld des {D}eutschlandtakts},
  author={Hornung, Johanna and Schr{\"o}der, Ilana and Bandelow, Nils C.},
  year={2023},
  booktitle={Renaissance der {V}erkehrspolitik. {P}olitik- und mobilitÃ¤tswissenschaftliche {P}erspektiven},
  editor={Sack, Detlef and Stra{\ss}heim, Holger and Zimmermann, Karsten},
  pages={135--160},
  publisher={Springer VS},
  address={Wiesbaden},
  doi={10.1007/978-3-658-38832-4_6}
}

@phdthesis{howe2022network,
  title={Network Processes Related to Political Discourse and Policy Positions: The Case of Climate Change Policy Networks in {C}anada},
  author={Howe, Adam C.},
  year={2022},
  school={University of British Columbia, Department of Sociology},
  doi={10.14288/1.0407335}
}

@article{howe2020media,
  title={Media Coverage and Perceived Policy Influence of Environmental Actors: Good Strategy or Pyrrhic Victory?},
  author={Howe, Adam C. and Stoddart, Mark C. J. and Tindall, David B.},
  journal={Politics and Governance},
  volume={8},
  number={2},
  pages={298--310},
  year={2020},
  doi={10.17645/pag.v8i2.2595}
}

@article{hurka2013framing,
  title={Framing and Policy Change after Shooting Rampages: A Comparative Analysis of Discourse Networks},
  author={Hurka, Steffen and Nebel, Kerstin},
  journal={Journal of European Public Policy},
  volume={20},
  number={3},
  pages={390--406},
  year={2013},
  publisher={Taylor \& Francis},
  doi={10.1080/13501763.2013.761508}
}

@phdthesis{imbert2017inquiry,
  title={An Inquiry into the Material and Ideational Dimensions of Policymaking: A Case Study of Fuel Poverty in {G}ermany},
  author={Imbert, Ines},
  year={2017},
  type={Doctoral Dissertation},
  school={University of Konstanz, Department of Politics and Public Administration},
  url={http://nbn-resolving.de/urn:nbn:de:bsz:352-0-425111}
}

@mastersthesis{jalasmaki2020taistelu,
  title={Taistelu asiantuntijuudesta: uskomukset ja kannatuskoalitiot varhaiskasvatuksen diskurssiverkostossa},
  author={Jalasm{\"a}ki, Henna},
  year={2020},
  type={Master's Thesis},
  school={University of Helsinki, Faculty of Social Sciences},
  doi={10138/317611}
}

@incollection{janning2009diskursnetzwerkanalyse,
  title={Diskursnetzwerkanalyse. {\"U}berlegungen zur {T}heoriebildung und {M}ethodik},
  author={Janning, Frank and Leifeld, Philip and Malang, Thomas and Schneider, Volker},
  year={2009},
  booktitle={Politiknetzwerke. {M}odelle, {A}nwendungen und {V}isualisierungen},
  editor={Schneider, Volker and Janning, Frank and Leifeld, Philip and Malang, Thomas},
  publisher={Springer VS},
  address={Wiesbaden},
  pages={59--92},
  doi={10.1007/978-3-531-91883-9_3}
}

@phdthesis{jeong2017national,
  title={National Renewable Energy Policy in a Global World},
  author={Jeong, Minji},
  year={2017},
  school={University of Maryland, College Park, School of Public Policy},
  url={https://www.proquest.com/dissertations-theses/national-renewable-energy-policy-global-world/docview/1927720461/se-2}
}

@article{jin2022does,
  title={Does {C}hina Have a Public Debate on Genetically Modified Organisms? {A} Discourse Network Analysis of Public Debate on {W}eibo},
  author={Jin, Yan and Schaub, Simon and Tosun, Jale and Wesseler, Justus},
  journal={Public Understanding of Science},
  volume={31},
  number={6},
  pages={732--750},
  year={2022},
  publisher={SAGE Publications Sage UK: London, England},
  doi={10.1177/09636625211070150}
}

@article{joshi2022fair,
  title={How Fair is Our Air? {T}he Injustice of Procedure, Distribution, and Recognition within the Discourse of Air Pollution in {D}elhi, {I}ndia},
  author={Joshi, Bhavna and Swarnakar, Pradip},
  journal={Environmental Sociology},
  pages={1--14},
  year={2022},
  publisher={Taylor \& Francis},
  note={Forthoming},
  doi={10.1080/23251042.2022.2151398}
}

@article{joshi2021staying,
  title={Staying Away, Staying Alive: Exploring Risk and Stigma of {C}OVID-19 in the Context of Beliefs, Actors and Hierarchies in {I}ndia},
  author={Joshi, Bhavna and Swarnakar, Pradip},
  journal={Current Sociology},
  volume={69},
  number={4},
  pages={492--511},
  year={2021},
  publisher={SAGE Publications Sage UK: London, England},
  doi={10.1177/0011392121990023}
}

@phdthesis{kammerer2017climate,
  title={Climate Politics at the Intersection between International Dynamics and National Decision-Making: A Policy Network Approach},
  author={Kammerer, Marlene},
  year={2017},
  type={Doctoral Thesis},
  school={University of Zurich, Faculty of Arts and Social Sciences},
  doi={10.5167/uzh-152954}
}

@incollection{kammerer2019das,
  title={Das {K}lima und die {EU}: Eine {D}iskursperspektive auf die deutsche und schweizerische {K}limapolitik},
  author={Kammerer, Marlene and Crameri, Fadri and Ingold, Karin},
  year={2019},
  booktitle={The European Social Model under Pressure. {L}iber Amicorum in Honour of Klaus Armingeon},
  editor={Careja, Romana and Emmenegger, Patrick and Giger, Nathalie},
  pages={599--623},
  publisher={Springer VS},
  address={Wiesbaden},
  doi={10.1007/978-3-658-27043-8_34}
}

@article{kammerer2021actors,
  title={Actors and Issues in Climate Change Policy: The Maturation of a Policy Discourse in the National and International Context},
  author={Kammerer, Marlene and Ingold, Karin},
  journal={Social Networks},
  year={2021},
  publisher={Elsevier},
  note={Forthcoming},
  doi={10.1016/j.socnet.2021.08.005}
}

@article{kasih2023pertarungan,
  title={Pertarungan Wacana {K}ereta {C}epat {J}akarta-{B}andung dalam Media Online},
  author={Kasih, Pustika Chandra},
  journal={Jurnal Ilmu Komunikasi UHO: Jurnal Penelitian Kajian Ilmu Komunikasi dan Informasi},
  volume={8},
  number={1},
  pages={19--34},
  year={2023},
  doi={10.52423/jikuho.v8i1.15}
}

@article{khatami2022discourse,
  title={Discourse Network Analysis (DNA): Aktivisme Digital dalam Perdebatan Isu ``Presiden Tiga Periode'' di {T}witter},
  author={Khatami, Muhammad Iqbal},
  year={2022},
  journal={Jurnal Audience: Jurnal Ilmu Komunikasi},
  volume={5},
  number={1},
  pages={80--94},
  doi={10.33633/ja.v5i1.5484}
}

@mastersthesis{khubbeeva2022vom,
  title={Vom {B}itcoin zur {B}lockchain? {D}istributed-{L}edger-{T}echnologien im politischen {D}iskurs. {L}eitbilder, {I}deen und {D}iskursnetzwerke im deutschen {B}undestag der 19. {L}egislaturperiode},
  author={Khubbeeva, Polina},
  year={2022},
  type={Master's Thesis},
  school={FU Berlin, Otto-Suhr-Institut f{\"u}r Politikwissenschaft},
  doi={10.17169/refubium-34225}
}

@article{kovdouskova2021energy,
  title={Energy Poverty in the {C}zech {R}epublic: Individual Responsibility or Structural Issue?},
  author={Ko{\v{d}}ouskov{\'a}, Hedvika and Lehotsk{\`y}, Luk{\'a}{\v{s}}},
  journal={Energy Research \& Social Science},
  volume={72},
  pages={101877},
  year={2021},
  publisher={Elsevier},
  doi={10.1016/j.erss.2020.101877}
}

@incollection{koebele2020modeling,
  title={Modeling Environmental Governance in the {L}ake {T}ahoe Basin: A Multiplex Network Approach},
  author={Koebele, Elizabeth A. and Bultema, Stephanie and Weible, Christopher},
  year={2020},
  booktitle={Networks in Water Governance},
  editor={Fischer, Manuel and Ingold, Karin},
  pages={173--202},
  publisher={Palgrave Macmillan},
  address={Cham, Switzerland},
  series={Palgrave Studies in Water Governance: Policy and Practice (PSWG)},
  doi={10.1007/978-3-030-46769-2_7}
}

@mastersthesis{kooistra2022space,
  title={Space Security and Orbital Sustainability. {A}n Institutional Logics Approach},
  author={Kooistra, Max Nathan},
  year={2022},
  type={Master's Thesis},
  school={Universiteit Utrecht, Copernicus Institute of Sustainable Development},
  doi={20.500.12932/42903}
}

@article{kukkonen2021actors,
  title={Actors and Justifications in Media Debates on {A}rctic Climate Change in {F}inland and {C}anada: A Network Approach},
  author={Kukkonen, Anna and Stoddart, Mark C. J. and Yl{\"a}-Anttila, Tuomas},
  journal={Acta Sociologica},
  volume={64},
  number={1},
  pages={103--117},
  year={2021},
  publisher={SAGE Publications Sage UK: London, England},
  doi={10.1177/0001699319890902}
}

@phdthesis{kukkonen2018discourse,
  title={Discourse Networks and Justifications of Climate Change Policy: News Media Debates in {C}anada, the {U}nited {S}tates, {F}inland, {F}rance, {B}razil and {I}ndia},
  author={Kukkonen, Anna},
  year={2018},
  type={Doctoral Dissertation},
  school={University of Helsinki, Faculty of Social Sciences},
  doi={10138/257508}
}

@article{kukkonen2020science,
  title={The Science--Policy Interface as a Discourse Network: {F}inlandâ€™s Climate Change Policy 2002--2015},
  author={Kukkonen, Anna and Yl{\"a}-Anttila, Tuomas},
  journal={Politics and Governance},
  volume={8},
  number={2},
  pages={200},
  year={2020},
  publisher={Cogitatio Press},
  doi={10.17645/pag.v8i2.2603}
}

@article{kukkonen2017advocacy,
  title={Advocacy Coalitions, Beliefs and Climate Change Policy in the {U}nited {S}tates},
  author={Kukkonen, Anna and Yl{\"a}-Anttila, Tuomas and Broadbent, Jeffrey},
  journal={Public Administration},
  volume={95},
  number={3},
  pages={713--729},
  year={2017},
  publisher={Wiley Online Library},
  doi={10.1111/padm.12321}
}

@article{kukkonen2018international,
  title={International Organizations, Advocacy Coalitions, and Domestication of Global Norms: Debates on Climate Change in {C}anada, the {US}, {B}razil, and {I}ndia},
  author={Kukkonen, Anna and Yl{\"a}-Anttila, Tuomas and Swarnakar, Pradip and Broadbent, Jeffrey and Lahsen, Myanna and Stoddart, Mark C. J.},
  journal={Environmental Science \& Policy},
  volume={81},
  pages={54--62},
  year={2018},
  publisher={Elsevier},
  doi={10.1016/j.envsci.2017.12.008}
}

@inproceedings{lapesa2020debatenet,
  title={{DE}bate{N}et-mig15: Tracing the 2015 Immigration Debate in {G}ermany over Time},
  author={Lapesa, Gabriella and Blessing, Andr{\'e} and Blokker, Nico and Dayan{\i}k, Erenay and Haunss, Sebastian and Kuhn, Jonas and Pad{\'o}, Sebastian},
  booktitle={Proceedings of the Twelfth Language Resources and Evaluation Conference},
  pages={919--927},
  year={2020},
  url={https://aclanthology.org/2020.lrec-1.115}
}

@article{laurer2021regulating,
  title={Regulating the {E}uropean Data-Driven Economy: A Case Study on the General Data Protection Regulation},
  author={Laurer, Moritz and Seidl, Timo},
  journal={Policy \& Internet},
  volume={13},
  number={2},
  pages={257--277},
  year={2021},
  publisher={Wiley Online Library},
  doi={10.1002/poi3.246}
}

@incollection{leifeld2009die,
  title={Die {U}ntersuchung von {D}iskursnetzwerken mit dem {D}iscourse {N}etwork {A}nalyzer ({DNA})},
  author={Leifeld, Philip},
  year={2009},
  booktitle={Politiknetzwerke. {M}odelle, {A}nwendungen und {V}isualisierungen},
  editor={Schneider, Volker and Janning, Frank and Leifeld, Philip and Malang, Thomas},
  publisher={Springer VS},
  address={Wiesbaden},
  pages={391--404},
  doi={10.1007/978-3-531-91883-9}
}

@article{leifeld2013reconceptualizing,
  title={Reconceptualizing Major Policy Change in the Advocacy Coalition Framework: A Discourse Network Analysis of {G}erman Pension Politics},
  author={Leifeld, Philip},
  journal={Policy Studies Journal},
  volume={41},
  number={1},
  pages={169--198},
  year={2013},
  doi={10.1111/psj.12007}
}

@article{leifeld2014polarization,
  title={Polarization of Coalitions in an Agent-Based Model of Political Discourse},
  author={Leifeld, Philip},
  journal={Computational Social Networks},
  volume={1},
  number={1},
  pages={1--22},
  year={2014},
  publisher={SpringerOpen},
  doi={10.1186/s40649-014-0007-y}
}

@book{leifeld2016policy,
  title={Policy Debates as Dynamic Networks: {G}erman Pension Politics and Privatization Discourse},
  author={Leifeld, Philip},
  year={2016},
  publisher={Campus},
  address={Frankfurt am Main},
  note={Distributed internationally by the University of Chicago Press},
  url={http://press.uchicago.edu/ucp/books/book/distributed/P/bo24978289.html}
}

@incollection{leifeld2017discourse,
  title={Discourse Network Analysis: Policy Debates as Dynamic Networks},
  author={Leifeld, Philip},
  year={2017},
  booktitle={The {O}xford Handbook of Political Networks},
  editor={Victor, Jennifer Nicoll and Montgomery, Alexander H. and Lubell, Mark N.},
  publisher={Oxford University Press},
  address={Oxford},
  chapter={12},
  pages={301--325},
  doi={10.1093/oxfordhb/9780190228217.013.25}
}

@article{leifeld2020policy,
  title={Policy Debates and Discourse Network Analysis: A Research Agenda},
  author={Leifeld, Philip},
  journal={Politics and Governance},
  volume={8},
  number={2},
  pages={180--183},
  year={2020},
  publisher={Cogitatio Press},
  doi={10.17645/pag.v8i2.3249}
}

@misc{leifeld2019endogenous,
  author={Leifeld, Philip and Brandenberger, Laurence},
  title={Endogenous Coalition Formation in Policy Debates},
  howpublished={arXiv Preprint},
  year={2019},
  doi={10.48550/arXiv.1904.05327}
}

@article{leifeld2012political,
  title={Political Discourse Networks and the Conflict over Software Patents in {E}urope},
  author={Leifeld, Philip and Haunss, Sebastian},
  journal={European Journal of Political Research},
  volume={51},
  number={3},
  pages={382--409},
  year={2012},
  publisher={Wiley Online Library},
  doi={10.1111/j.1475-6765.2011.02003.x}
}

@article{leifeld2021belief,
  title={Belief System Alignment and Cross-Sectoral Advocacy Efforts in Policy Debates},
  author={Leifeld, Philip and Henrichsen, Tim and Buckton, Christina and Fergie, Gillian and Hilton, Shona},
  journal={Journal of European Public Policy},
  pages={1--24},
  year={2021},
  publisher={Taylor \& Francis},
  doi={10.1080/13501763.2021.1945131}
}

@mastersthesis{leipold2016oekonomische,
  title={{\"O}konomische {U}ngleichheit und der {E}influss von {D}iskurskoalitionen auf {V}erm{\"o}gensbesteuerung in {D}eutschland, 1995--2015: Eine {D}iskursnetzwerkanalyse von {P}olicy-{W}andel in der {S}teuerpolitik},
  author={Leipold, Alexander Christoph},
  year={2016},
  type={Master's Thesis},
  school={FernUniversit{\"a}t Hagen, Fakult{\"a}t f{\"u}r Kultur- und Sozialwissenschaften, Institut f{\"u}r Politikwissenschaft},
  url={https://nbn-resolving.org/urn:nbn:de:hbz:708-dh324}
}

@unpublished{lemke2023defining,
  title={Defining Artificial Intelligence as a Political Problem: A Discourse Network Analysis from {G}ermany},
  author={Lemke, Nicole and Trein, Philipp and Varone, Fr{\'e}d{\'e}ric},
  year={2023},
  url={https://www.philipptrein.com/wp-content/uploads/2023/01/Lemke_et_al_2022.pdf}
}

@article{lestrelin2017collaborative,
  title={Collaborative Landscape Research in {R}eunion {I}sland: Using Spatial Modelling and Simulation to Support Territorial Foresight and Urban Planning},
  author={Lestrelin, Guillaume and Augusseau, Xavier and David, Daniel and Bourgoin, J{\'e}r{\'e}my and Lagabrielle, Erwann and Seen, Danny Lo and Degenne, Pascal},
  journal={Applied Geography},
  volume={78},
  pages={66--77},
  year={2017},
  publisher={Elsevier},
  doi={10.1016/j.apgeog.2016.11.003}
}

@article{li2023policy,
  title={Policy Changes in China's Family Planning: Perspectives of Advocacy Coalitions},
  author={Li, Zhichao and Tan, Xihan and Liu, Bojia},
  journal={International Journal of Environmental Research and Public Health},
  volume={20},
  number={6},
  pages={5204},
  year={2023},
  doi={10.3390/ijerph20065204}
}

@mastersthesis{livckova2023coal,
  title={Coal Framing in the {I}ndian Political Discourse},
  author={Li{\v{c}}kov{\'a}, Vladim{\'\i}ra},
  year={2023},
  school={Masaryk University, Faculty of Social Studies},
  type={Master's Thesis},
  url={https://is.muni.cz/th/f0wxf/}
}

@article{lindberg2021advocacy,
  title={Advocacy Coalitions in the Acceleration Phase of the {E}uropean Energy Transition},
  author={Lindberg, Marie Byskov and Kammermann, Lorenz},
  journal={Environmental Innovation and Societal Transitions},
  volume={40},
  pages={262--282},
  year={2021},
  publisher={Elsevier},
  doi={10.1016/j.eist.2021.07.006}
}

@mastersthesis{lockhart2014discourse,
  title={Discourse Network Analysis of the {N}orthern {G}ateway {P}ipeline Project: Assessing Environmental Governance in the Joint Review Panel Process},
  author={Lockhart, Cameron},
  type={Master's Thesis},
  school={Universiteit Utrecht, Copernicus Institute of Sustainable Development, Environmental Governance Section},
  year={2014},
  doi={20.500.12932/17790}
}

@article{malkamaki2021unity,
  title={Unity in Diversity? When Advocacy Coalitions and Policy Beliefs Grow Trees in {S}outh {A}frica},
  author={Malkam{\"a}ki, Arttu and Yl{\"a}-Anttila, Tuomas and Brockhaus, Maria and Toppinen, Anne and Wagner, Paul M.},
  journal={Land Use Policy},
  volume={102},
  pages={105283},
  year={2021},
  publisher={Elsevier},
  doi={10.1016/j.landusepol.2021.105283}
}

@phdthesis{malkamaki2019human,
  title={On the Human Impacts and Governance of Large-Scale Tree Plantations},
  author={Malkam{\"a}ki, Arttu},
  year={2019},
  type={Doctoral Dissertation},
  school={University of Helsinki, Faculty of Agriculture and Forestry},
  doi={10138/306940}
}

@article{malkamaki2021acoustics,
  title={On the Acoustics of Policy Learning: Can Co-Participation in Policy Forums Break Up Echo Chambers?},
  author={Malkam{\"a}ki, Arttu and Wagner, Paul M. and Brockhaus, Maria and Toppinen, Anne and Yl{\"a}-Anttila, Tuomas},
  journal={Policy Studies Journal},
  volume={49},
  number={2},
  pages={431--456},
  year={2021},
  publisher={Wiley Online Library},
  doi={10.1111/psj.12378}
}

@phdthesis{mardiah2018interface,
  title={Interface between Disaster and Development: Local Economic Revival through Collaborative Post-Disaster Recovery Governance and Network in {I}ndonesia},
  author={Mardiah, Andri Narti Radiatul},
  year={2018},
  school={University of Leeds, School of Geography},
  url={https://etheses.whiterose.ac.uk/21580/}
}

@incollection{mardiah2017toward,
  title={Toward Integrated and Inclusive Disaster Risk Reduction in {I}ndonesia: Review of Regulatory Frameworks and Institutional Networks},
  author={Mardiah, Andri NR and Lovett, Jon C. and Evanty, Nukila},
  booktitle={Disaster Risk Reduction in {I}ndonesia},
  editor={Djalante, Riyanti and Garschagen, Matthias and Thomalla, Frank and Shaw, Rajib},
  pages={57--84},
  year={2017},
  publisher={Springer},
  address={Berlin},
  doi={10.1007/978-3-319-54466-3_3}
}

@article{marino2023stakeholder,
  title={Stakeholder Discourse Coalitions and Polarisation in the Hen Harrier Conservation Debate in News Media},
  author={Marino, Filippo and Crowley, Sarah L. and Williams Foley, Nell A. and McDonald, Robbie A. and Hodgson, Dave J.},
  journal={People and Nature},
  year={2023},
  publisher={Wiley Online Library},
  volume={5},
  number={2},
  pages={668--683},
  doi={10.1002/pan3.10437}
}

@article{marino2022stakeholders,
  title={Stakeholders' Power in the Networking Structuration Processes of the Urban Resilience Concept in {H}abitat {III} Agenda (2012--2016)},
  author={Mari{\~n}o, Daniela and Rozenblat, C{\'e}line},
  journal={Geography and Sustainability},
  volume={3},
  number={1},
  pages={46--57},
  year={2022},
  publisher={Elsevier},
  doi={10.1016/j.geosus.2022.02.001}
}

@article{markard2021analyzing,
  title={Analyzing Transitions through the Lens of Discourse Networks: Coal Phase-Out in {G}ermany},
  author={Markard, Jochen and Rinscheid, Adrian and Widdel, Linda},
  journal={Environmental Innovation and Societal Transitions},
  volume={40},
  pages={315--331},
  year={2021},
  publisher={Elsevier},
  doi={10.1016/j.eist.2021.08.001}
}

@mastersthesis{mayer2022new,
  title={New West Tension and Threatened Species Protection: The Western {J}oshua Tree Conservation Debate in the {M}orongo {B}asin, California},
  author={Mayer, Cameron D.},
  type={Master's Thesis},
  school={California State University, Long Beach, Department of Geography},
  year={2022},
  url={https://www.proquest.com/openview/1083c5aaab0975222105407490f130dd/1}
}

@mastersthesis{mcdonald2019energy,
  title={Energy Security in the Age of Interconnection: Cyber-Threat Framing in {B}ritish Political Discourse},
  author={McDonald, Edward},
  year={2019},
  school={Masaryk University, Faculty of Social Studies},
  type={Master's Thesis},
  url={https://is.muni.cz/th/gqxcz/}
}

@mastersthesis{miles2020changes,
  title={Changes in Social Networks and Narratives Associated with {L}ake {E}rie Water Quality Management after the 2014 {T}oledo Water Crisis},
  author={Miles, Austin},
  year={2020},
  type={Master's Thesis},
  school={The Ohio State University, Graduate Program in Environment and Natural Resources},
  url={http://rave.ohiolink.edu/etdc/view?acc_num=osu1593600584732076}
}

@phdthesis{minin2020post,
  title={Post-{F}ukushima Discourse Regarding Nuclear Energy in the {E}uropean {U}nion and its Implications},
  author={Minin, Nikita},
  year={2020},
  type={Doctoral Dissertation},
  school={Masaryk University, Department of International Relations and European Studies},
  url={https://is.muni.cz/th/qtp3a/}
}

@article{miorner2022global,
  title={How Global Regimes Diffuse in Space -- Explaining a Missed Transition in {S}an {D}iego's Water Sector},
  author={Mi{\"o}rner, Johan and Heiberg, Jonas and Binz, Christian},
  journal={Environmental Innovation and Societal Transitions},
  volume={44},
  pages={29--47},
  year={2022},
  publisher={Elsevier},
  doi={10.1016/j.eist.2022.05.005}
}

@article{misic2021environmental,
  title={Environmental Conflict, Renewable Energy, or Both? Public Opinion on Small Hydropower Plants in {S}erbia},
  author={Mi{\v{s}}i{\'c}, Mile and Obydenkova, Anastassia},
  journal={Post-Communist Economies},
  volume={34},
  number={5},
  pages={684--713},
  year={2021},
  publisher={Taylor \& Francis},
  doi={10.1080/14631377.2021.1943928}
}

@article{mock2022relational,
  title={Relational Coupling of Multiple Streams: The Case of {C}OVID-19 Infections in {G}erman Abattoirs},
  author={M{\"o}ck, Malte and Vogeler, Colette S. and Bandelow, Nils C. and Hornung, Johanna},
  journal={Policy Studies Journal},
  year={2022},
  publisher={Wiley Online Library},
  doi={10.1111/psj.12459},
  note={Forthcoming}
}

@article{morton2020feminism,
  title={Which Feminism(s)? {F}or Whom? {I}ntersectionality in {C}anada's Feminist International Assistance Policy},
  author={Morton, Sam E. and Muchiri, Judyannet and Swiss, Liam},
  journal={International Journal},
  volume={75},
  number={3},
  pages={329--348},
  year={2020},
  publisher={SAGE Publications Sage UK: London, England},
  doi={10.1177/0020702020953420}
}

@article{muller2014het,
  title={Het meten van discourscoalities met discoursnetwerkanalyse: Naar een formele analyse van het politieke vertoog},
  author={Muller, Allan},
  journal={Res Publica},
  volume={56},
  number={3},
  pages={337--364},
  year={2014},
  url={https://openjournals.ugent.be/rp/article/id/74454/}
}

@article{muller2015using,
  title={Using Discourse Network Analysis to Measure Discourse Coalitions: Towards a Formal Analysis of Political Discourse},
  author={Muller, Allan},
  journal={World Political Science},
  volume={11},
  number={2},
  pages={377--404},
  year={2015},
  publisher={De Gruyter},
  doi={10.1515/wps-2015-0009}
}

@article{murti2022playground,
  title={The Playground of Big Tobacco? {D}iscourse Network Analysis of the Cigarette Advertising Debate and Policy in {I}ndonesia},
  author={Murti, Desideria C. W. and Nur Ratriyana, Ina},
  journal={Journal of Communication Inquiry},
  note={Forthcoming},
  year={2022},
  publisher={SAGE Publications Sage CA: Los Angeles, CA},
  doi={10.1177/01968599211072438}
}

@book{nagel2015polarisierung,
  title={Polarisierung im politischen {D}iskurs: {E}ine {N}etzwerkanalyse zum {K}onflikt um ``{S}tuttgart 21''},
  author={Nagel, Melanie},
  year={2015},
  publisher={Springer VS},
  address={Wiesbaden},
  doi={10.1007/978-3-658-11225-7}
}

@article{nagel2022analyzing,
  title={Analyzing Multi-Level Governance Dynamics from a Discourse Network Perspective: The Debate over Air Pollution Regulation in {G}ermany},
  author={Nagel, Melanie and Bravo-Laguna, Carlos},
  journal={Environmental Sciences Europe},
  volume={34},
  number={62},
  pages={1--18},
  year={2022},
  publisher={SpringerOpen},
  doi={10.1186/s12302-022-00640-0}
}

@article{nagel2019protesting,
  title={Protesting Iconic Megaprojects. {A} Discourse Network Analysis of the Evolution of the Conflict over {S}tuttgart 21},
  author={Nagel, Melanie and Satoh, Keiichi},
  journal={Urban Studies},
  volume={56},
  number={8},
  pages={1681--1700},
  year={2019},
  publisher={SAGE Publications Sage UK: London, England},
  doi={10.1177/0042098018775903}
}

@article{nagel2023powerful,
  title={Powerful Stories of Local Climate Action: Comparing the Evolution of Narratives using the ``Narrative Rate'' Index},
  author={Nagel, Melanie and Sch{\"a}fer, Melanie},
  journal={Review of Policy Research},
  year={2023},
  publisher={Wiley Online Library},
  note={Forthcoming},
  doi={10.1111/ropr.12545}
}

@book{naegler2019steuermannskunst,
  title={Steuermannskunst im {H}ochschulmanagement. {D}ie {W}irkungskraft von {I}deen und {D}iskursen auf die {U}niversit{\"a}t},
  year={2019},
  author={N{\"a}gler, Richard},
  publisher={Springer VS},
  address={Wiesbaden},
  doi={10.1007/978-3-658-28406-0}
}

@article{nam2023examining,
  title={Examining Experts' Discourse in {S}outh {K}orea's Nuclear Power Policy Making: An Advocacy Coalition Framework Approach to Policy Knowledge},
  author={Nam, Aerang and Weible, Christopher M.},
  journal={Politics \& Policy},
  year={2023},
  volume={51},
  number={2},
  pages={201--221},
  doi={10.1111/polp.12522}
}

@article{nam2022polarization,
  title={Polarization and Frames of Advocacy Coalitions in {S}outh {K}orea's Nuclear Energy Policy},
  author={Nam, Aerang and Weible, Christopher M. and Park, Kyudong},
  journal={Review of Policy Research},
  year={2022},
  publisher={Wiley Online Library},
  volume={39},
  number={4},
  pages={387--410},
  doi={10.1111/ropr.12466}
}

@incollection{nebel2016religion,
  title={Religion im moralpolitischen Diskurs. {P}osition und {E}influss der {K}irchen in der deutschen {D}ebatte um die embryonale {S}tammzellenforschung},
  author={Nebel, Kerstin},
  year={2016},
  booktitle={Religionspolitik und {P}olitik der {R}eligionen in {D}eutschland},
  editor={Liedhegener, Antonius and Pickel, Gert},
  publisher={Springer VS},
  address={Wiesbaden},
  chapter={5},
  pages={109--129},
  doi={10.1007/978-3-658-11821-1_5}
}

@article{nolte2021gender,
  title={Gender Budgeting in Emerging Economies -- A Systematic Literature Review and Research Agenda},
  author={Nolte, Isabella M. and Polzer, Tobias and Seiwald, Johann},
  journal={Journal of Accounting in Emerging Economies},
  volume={11},
  number={5},
  pages={799--820},
  year={2021},
  publisher={Emerald Publishing Limited},
  doi={10.1108/JAEE-03-2020-0047}
}

@phdthesis{ocelik2015analyza,
  title={Anal{\`y}za diskursivn{\'i}ch s{\'i}t{\'i}: p{\v{r}}{\'i}pad lok{\'a}ln{\'i} opozice v\r{u}{\v{c}}i hlubinn{\'e}mu {\'u}lo{\v{z}}i{\v{s}}ti radioaktivn{\'i}ch odpad\r{u} v {\v{C}}esk{\'e} republice},
  author={Ocel{\'i}k, Petr},
  year={2015},
  school={Masarykova univerzita, Fakulta soci{\'a}ln{\'i}ch studi{\'i}},
  url={https://is.muni.cz/th/h7yku/}
}

@incollection{ocelik2022climate,
  title={Climate Change Scepticism in Front-Page {C}zech Newspaper Coverage: A One Man Show},
  author={Ocel{\'\i}k, Petr},
  booktitle={Handbook of Anti-Environmentalism},
  editor={Tindall, David and Stoddart, Mark C. J. and Dunlap, Riley E.},
  pages={84--106},
  chapter={5},
  year={2022},
  publisher={Edward Elgar Publishing},
  doi={10.4337/9781839100222.00013}
}

@phdthesis{ohlendorf2022political,
  title={The Political Economy of Energy Transitions},
  author={Ohlendorf, Nils},
  year={2022},
  type={Doctoral Thesis},
  school={Technical University of Berlin, Fakult{\"a}t {VI} - Planen Bauen Umwelt, FG {\"O}konomie des Klimawandels},
  doi={10.14279/depositonce-16399}
}

@article{ohlendorf2023actors,
  title={Actors in Multi-Sector Transitions -- Discourse Analysis on Hydrogen in {G}ermany},
  author={Ohlendorf, Nils and L{\"o}hr, Meike and Markard, Jochen},
  journal={Environmental Innovation and Societal Transitions},
  volume={47},
  pages={100692},
  year={2023},
  publisher={Elsevier},
  doi={10.1016/j.eist.2023.100692}
}

@article{ohno2022advocacy,
  title={Advocacy Coalition Framework in Environmental Governance Studies: Explaining Major Policy Change for A Large Dam Removal in {J}apan},
  author={Ohno, Tomohiko},
  journal={International Review of Public Policy},
  volume={4},
  number={1},
  year={2022},
  publisher={International Public Policy Association},
  doi={10.4000/irpp.2362}
}

@phdthesis{osei2021advocacy,
  title={An Advocacy Coalition Framework Analysis of Oil and Gas Governance in {G}hana},
  author={Osei-Kojo, Alex},
  year={2021},
  school={University of Colorado Denver, School of Public Affairs},
  url={https://digital.auraria.edu/work/ns/3584b996-49b1-4a8f-a2c3-57b940b73cf3}
}

@article{osei2023analysing,
  title={Analysing the Stability of Advocacy Coalitions and Policy Frames in {G}hana's Oil and Gas Governance},
  author={Osei-Kojo, Alex},
  journal={Policy \& Politics},
  volume={51},
  number={1},
  pages={71â€“-90},
  year={2023},
  publisher={Policy Press},
  doi={10.1332/030557322X16651632139992}
}

@article{osicka2018natural,
  title={Natural Gas Market Integration in the {V}isegrad 4 Region: An Example to Follow or to Avoid?},
  author={Osi{\v{c}}ka, Jan and Lehotsk{\`y}, Luk{\'a}{\v{s}} and Zapletalov{\'a}, Veronika and {\v{C}}ernoch, Filip and Dan{\v{c}}{\'a}k, B{\v{r}}etislav},
  journal={Energy Policy},
  volume={112},
  pages={184--197},
  year={2018},
  publisher={Elsevier},
  doi={10.1016/j.enpol.2017.10.018}
}

@inproceedings{pado2019sides,
  title={Who Sides with Whom? {T}owards Computational Construction of Discourse Networks for Political Debates},
  author={Pad{\'o}, Sebastian and Blessing, Andr{\'e} and Blokker, Nico and Dayan{\i}k, Erenay and Haunss, Sebastian and Kuhn, Jonas},
  booktitle={Proceedings of the 57th Annual Meeting of the Association for Computational Linguistics},
  pages={2841--2847},
  year={2019},
  doi={10.18653/v1/P19-1273}
}

@article{palladino2021role,
  title={The Role of Epistemic Communities in the ``Constitutionalization'' of Internet Governance: The Example of the {E}uropean {C}ommission High-Level Expert Group on Artificial Intelligence},
  author={Palladino, Nicola},
  journal={Telecommunications Policy},
  volume={45},
  number={6},
  pages={102149},
  year={2021},
  publisher={Elsevier},
  doi={10.1016/j.telpol.2021.102149}
}

@article{pham2020interactions,
  title={Interactions among Sustainable Development Goals: Knowledge for Identifying Multipliers and Virtuous Cycles},
  author={Pham-Truffert, Myriam and Metz, Florence and Fischer, Manuel and Rueff, Henri and Messerli, Peter},
  journal={Sustainable Development},
  volume={28},
  number={5},
  pages={1236--1250},
  year={2020},
  publisher={Wiley Online Library},
  doi={10.1002/sd.2073}
}

@phdthesis{pic2022securite,
  title={Une s{\'e}curit{\'e} arctique? {A}nalyse des {\'e}chelles de la s{\'e}curit{\'e} dans une r{\'e}gion {\`a} g{\'e}om{\'e}trie variable},
  author={Pic, Pauline},
  year={2022},
  school={Universit{\'e} Laval, Qu{'e}bec, Graduate School of International Studies},
  doi={20.500.11794/73444}
}

@incollection{piereder2022ideology,
  title={Ideology and Climate Change. {A} Complex Reflexive Systems Approach to Energy Transition Discourse Networks},
  author={Piereder, Jinelle and Janzwood, Scott and Homer-Dixon, Thomas},
  year={2023},
  booktitle={The Routledge Handbook of Ideology and International Relations},
  editor={Leader Maynard, Jonathan and Haas, Mark L.},
  publisher={Routledge},
  address={London},
  chapter={16},
  pages={267--296},
  doi={10.4324/9781003026754-19}
}

@mastersthesis{pospivsilova2022liberty,
  title={Liberty, Equality, Hydrogen? {D}iscourse Network Analysis of {F}rench Hydrogen Politics},
  author={Posp{\'\i}{\v{s}}ilov{\'a}, Tereza},
  year={2022},
  school={Masaryk University, Faculty of Social Studies},
  type={Master's Thesis},
  url={https://is.muni.cz/th/azy84/}
}

@article{pratama21discourse,
  title={Discourse Networking Analysis as Alternative Research Method in Communication Science Studies -- Discourse Networking Analysis sebagai Metode Penelitian Alternatif dalam Kajian Ilmu Komunikasi},
  author={Pratama, Bayu Indra and Illahi Ulfa, Adinda Ardwi},
  journal={Jurnal Penelitian Komunikasi dan Opini Publik},
  volume={21},
  number={2},
  pages={223278},
  publisher={Indonesian Ministry of Communication and Informatics},
  url={https://www.neliti.com/publications/223278/}
}

@article{rantala2014multistakeholder,
  title={Multistakeholder Environmental Governance in Action: {REDD}+ Discourse Coalitions in {T}anzania},
  author={Rantala, Salla and Di Gregorio, Monica},
  journal={Ecology and Society},
  volume={19},
  number={2},
  pages={66--76},
  year={2014},
  doi={10.5751/ES-06536-190266}
}

@article{reckhow2018financing,
  title={Financing the Education Policy Discourse: Philanthropic Funders as Entrepreneurs in Policy Networks},
  author={Reckhow, Sarah and Tompkins-Stange, Megan},
  journal={Interest Groups \& Advocacy},
  volume={7},
  number={3},
  pages={258--288},
  year={2018},
  publisher={Springer},
  doi={10.1057/s41309-018-0043-3}
}

@article{reckhow2021political,
  title={How the Political Economy of Knowledge Production Shapes Education Policy: The Case of Teacher Evaluation in Federal Policy Discourse},
  author={Reckhow, Sarah and Tompkins-Stange, Megan and Galey-Horn, Sarah},
  journal={Educational Evaluation and Policy Analysis},
  volume={43},
  number={3},
  pages={472--494},
  year={2021},
  publisher={SAGE Publications Sage CA: Los Angeles, CA},
  doi={10.3102/01623737211003906}
}

@article{rennkamp2019power,
  title={Power, Coalitions and Institutional Change in {S}outh {A}frican Climate Policy},
  author={Rennkamp, Britta},
  journal={Climate Policy},
  volume={19},
  number={6},
  pages={756--770},
  year={2019},
  publisher={Taylor \& Francis},
  doi={10.1080/14693062.2019.1591936}
}

@article{rennkamp2017competing,
  title={Competing Coalitions: The Politics of Renewable Energy and Fossil Fuels in {M}exico, {S}outh {A}frica and {T}hailand},
  author={Rennkamp, Britta and Haunss, Sebastian and Wongsa, Kridtiyaporn and Ortega, Araceli and Casamadrid, Erika},
  journal={Energy Research \& Social Science},
  volume={34},
  pages={214--223},
  year={2017},
  publisher={Elsevier},
  doi={10.1016/j.erss.2017.07.012}
}

@phdthesis{rinscheid2018business,
  title={Behavioral and Institutionalist Perspectives on Preference Formation in a Contested Political Context: The Case of Divesting from Nuclear Power},
  author={Rinscheid, Adrian},
  year={2018},
  school={University of St. Gallen, School of Management, Economics, Law, Social Sciences and International Affairs},
  type={Doctoral Dissertation},
  url={https://nbn-resolving.org/urn:nbn:ch:bel-2262961}
}

@article{rinscheid2015crisis,
  title={Crisis, Policy Discourse, and Major Policy Change: Exploring the Role of Subsystem Polarization in Nuclear Energy Policymaking},
  author={Rinscheid, Adrian},
  journal={European Policy Analysis},
  volume={1},
  number={2},
  pages={34--70},
  year={2015},
  publisher={Wiley Online Library},
  doi={10.18278/epa.1.2.3}
}

@article{rinscheid2020business,
  title={Business Power in Noisy Politics: An Exploration Based on Discourse Network Analysis and Survey Data},
  author={Rinscheid, Adrian},
  journal={Politics and Governance},
  volume={8},
  number={2},
  pages={286--297},
  year={2020},
  publisher={Cogitatio Press},
  doi={10.17645/pag.v8i2.2580}
}

@article{rinscheid2020junctures,
  title={Why Do Junctures Become Critical? {P}olitical Discourse, Agency, and Joint Belief Shifts in Comparative Perspective},
  author={Rinscheid, Adrian and Eberlein, Burkard and Emmenegger, Patrick and Schneider, Volker},
  journal={Regulation \& Governance},
  volume={14},
  number={4},
  pages={653--673},
  year={2020},
  publisher={Wiley Online Library},
  doi={10.1111/rego.12238}
}

@phdthesis{rone2018dont,
  title={``Don't Worry, we are from the Internet.'' The Diffusion of Protest against the Anti-Counterfeiting Trade Agreement in the Age of Austerity},
  author={Rone, Julia},
  year={2018},
  school={European University Institute, Department of Political and Social Sciences},
  doi={10.2870/722302}
}

@article{rone2022instrumentalising,
  title={Instrumentalising Sovereignty Claims in {B}ritish Pro- and Anti-{B}rexit Mobilisations},
  author={Rone, Julia},
  journal={The British Journal of Politics and International Relations},
  note={Forthcoming},
  year={2022},
  publisher={SAGE Publications Sage UK: London, England},
  doi={10.1177/13691481221089136}
}

@article{rosalia2023discourse,
  title={Discourse Battle on {B}orobudur {T}emple Tariff Increase Policy in Discourse Analysis Network},
  author={Rosalia, Fanny},
  journal={Jurnal Komunikasi},
  volume={17},
  number={1},
  pages={62--75},
  year={2023},
  doi={10.21107/ilkom.v17i1.18867}
}
@article{rychlik2021come,
  title={Come Together, Right Now: Storylines and Social Identities in Coalition Building in a Local Policy Subsystem},
  author={Rychlik, Jasmin and Hornung, Johanna and Bandelow, Nils C.},
  journal={Politics \& Policy},
  volume={49},
  number={5},
  pages={1216--1247},
  year={2021},
  publisher={Wiley Online Library},
  doi={10.1111/polp.12431}
}

@phdthesis{schaub2021politics,
  title={The Politics of Water Protection},
  author={Schaub, Simon},
  year={2021},
  school={University of Heidelberg, Faculty of Economics and Social Studies, Institute of Political Science},
  type={Doctoral Dissertation},
  doi={10.11588/heidok.00030285}
}

@article{schaub2021public,
  title={Public Contestation over Agricultural Pollution: A Discourse Network Analysis on Narrative Strategies in the Policy Process},
  author={Schaub, Simon},
  journal={Policy Sciences},
  volume={54},
  number={4},
  pages={783--821},
  year={2021},
  publisher={Springer},
  doi={10.1007/s11077-021-09439-x}
}

@article{schaub2020transition,
  title={Transition towards Sustainable Pharmacy? {T}he Influence of Public Debates on Policy Responses to Pharmaceutical Contaminants in Water},
  author={Schaub, Simon and Braunbeck, Thomas},
  journal={Environmental Sciences Europe},
  volume={32},
  number={1},
  pages={1--19},
  year={2020},
  publisher={Springer},
  doi={10.1186/s12302-020-00423-5}
}

@article{schaub2020comparing,
  title={Comparing Discourse and Policy Network Approaches: Evidence from Water Policy on Micropollutants},
  author={Schaub, Simon and Metz, Florence Alessa},
  journal={Politics and Governance},
  volume={8},
  number={2},
  pages={184--199},
  year={2020},
  publisher={Cogitatio Press},
  doi={10.17645/pag.v8i2.2597}
}

@phdthesis{schmid2020politics,
  title={The Politics of Technological Change -- Case Studies from the Energy Sector},
  author={Schmid, Nicolas},
  year={2020},
  type={Doctoral Thesis},
  school={ETH Z{\"u}rich, Department of Humanities, Social and Political Sciences, Energy and Technology Policy Group},
  doi={10.3929/ethz-b-000447993}
}

@article{schmid2020explaining,
  title={Explaining Advocacy Coalition Change with Policy Feedback},
  author={Schmid, Nicolas and Sewerin, Sebastian and Schmidt, Tobias S.},
  journal={Policy Studies Journal},
  volume={48},
  number={4},
  pages={1109--1134},
  year={2020},
  publisher={Wiley Online Library},
  doi={10.1111/psj.12365}
}

@mastersthesis{schmidt2017terrorist,
  title={Terrorist Attacks as ``Policy Windows'': A Discourse Network Analysis of {G}erman Parliamentary Debates},
  author={Schmidt, Stefanie},
  year={2017},
  type={Diploma Thesis},
  school={Charles University, Department of Security Studies},
  doi={20.500.11956/125548}
}

@article{schmidt2019policy,
  title={Policy Goals, Partisanship and Paradigmatic Change in Energy Policy -- Analyzing Parliamentary Discourse in {G}ermany over 30 Years},
  author={Schmidt, Tobias S. and Schmid, Nicolas and Sewerin, Sebastian},
  journal={Climate Policy},
  volume={19},
  number={6},
  pages={771--786},
  year={2019},
  publisher={Taylor \& Francis},
  doi={10.1080/14693062.2019.1594667}
}

@mastersthesis{schmitz2018from,
  title={From Coherence to Coheritization. {E}xplaining the Rise of Policy Coherence in {EU} External Policy},
  author={Schmitz, Luuk},
  year={2018},
  type={Master's Thesis},
  school={Radboud University Nijmegen, Faculteit der Managementwetenschappen},
  url={http://theses.ubn.ru.nl/handle/123456789/5669}
}

@article{schmitz2020coherence,
  title={From Coherence to Coheritization: Explaining the Rise of Policy Coherence in {EU} External Policy},
  author={Schmitz, Luuk and Eimer, Thomas R.},
  journal={Globalizations},
  volume={17},
  number={4},
  pages={629--647},
  year={2020},
  publisher={Taylor \& Francis},
  doi={10.1080/14747731.2019.1676103}
}

@article{schmitz2022open,
  title={As Open as Possible, as Autonomous as Necessary: Understanding the Rise of Open Strategic Autonomy in {EU} Trade Policy},
  author={Schmitz, Luuk and Seidl, Timo},
  journal={JCMS: Journal of Common Market Studies},
  year={2022},
  volume={61},
  number={3},
  pages={834--852},
  publisher={Wiley Online Library},
  doi={10.1111/jcms.13428}
}

@incollection{schneider2013punctuations,
  title={Punctuations and Displacements in Policy Discourse: The Climate Change Issue in {G}ermany 2007--2010},
  author={Schneider, Volker and Ollmann, Jana K.},
  year={2013},
  booktitle={Environmental Change and Sustainability},
  editor={Silvern, Steven and Young, Stephen},
  pages={157--184},
  chapter={6},
  publisher={Intech},
  address={Rijeka, Croatia},
  doi={10.5772/54302}
}

@article{schulz2020forest,
  title={Forest Conservation through Markets? A Discourse Network Analysis of the Debate on Funding Mechanisms for {REDD+} in {B}razil},
  author={Schulz, Christopher},
  journal={Environmental Communication},
  volume={14},
  number={2},
  pages={202--218},
  year={2020},
  publisher={Taylor \& Francis},
  doi={10.1080/17524032.2019.1631869}
}

@article{sconfienza2023discourse,
  title={Discourse Network Analysis of {T}witter and Newspapers: Lessons Learned from the Nuclear Debate in the 2022 {F}rench Presidential Campaign},
  author={Sconfienza, Umberto and Durand, Fr{\'e}d{\'e}ric},
  journal={French Politics},
  year={2023},
  publisher={Springer},
  note={Forthcoming},
  doi={10.1057/s41253-023-00215-2}
}

@phdthesis{seidl2021ideas,
  title={Ideas, Politics, and Technological Change: Essays on the Comparative Political Economy of Digital Capitalism},
  author={Seidl, Timo},
  year={2021},
  school={European University Institute, Department of Political and Social Sciences},
  doi={10.2870/836646}
}

@article{seidl2022politics,
  title={The Politics of Platform Capitalism: A Case Study on the Regulation of {U}ber in {N}ew {Y}ork},
  author={Seidl, Timo},
  journal={Regulation \& Governance},
  volume={16},
  number={2},
  pages={357--374},
  year={2022},
  publisher={Wiley Online Library},
  doi={10.1111/rego.12353}
}

@incollection{selle2017multi,
  title={What Multi-Level Parliamentary System? {P}arliamentary Discourses in {EU} Budgetary Negotiations ({MFF} 2014--2020)},
  author={Selle, Linn},
  booktitle={The New Politics of the {E}uropean {U}nion Budget},
  editor={Becker, Stefan and Bauer, Michael W. and De Feo, Alfredo},
  pages={149--172},
  year={2017},
  publisher={Nomos},
  address={Baden-Baden, Germany},
  doi={10.5771/9783845278032-149}
}

@article{sevcik2021analyza,
  title={Anal{\`y}za vy{\v{r}}azen{\'\i} jadern{\'e} energie z energetick{\'e}ho mixu {N}{\v{e}}mecka po roce 2011},
  author={{\v{S}}ev{\v{c}}{\'i}k, Martin},
  year={2021},
  type={Diploma Thesis},
  school={Masaryk University, Faculty of Social Studies},
  url={https://is.muni.cz/th/ul2is/}
}

@article{shukla2022energyjustice,
  title={Energy Justice in Post-{P}aris {I}ndia: Unpacking Consensus and Conflict through Storylines and Discourse Coalitions},
  author={Shukla, Rajshri and Swarnakar, Pradip},
  journal={Energy Research \& Social Science},
  volume={91},
  pages={102687},
  year={2022},
  publisher={Elsevier},
  doi={10.1016/j.erss.2022.102687}
}

@article{shukla2022energytransition,
  title={Energy Transition and Dialectics: Tracing Discursive Resistance to Coal through Discourse Coalition in {I}ndia},
  author={Shukla, Rajshri and Swarnakar, Pradip},
  year={2022},
  journal={Globalizations},
  note={Forthcoming},
  doi={10.1080/14747731.2022.2086735}
}

@article{siagian2020mencari,
  title={Mencari Kelompok Berisiko Tinggi Terinfeksi Virus Corona Dengan Discourse Network Analysis},
  author={Siagian, Tiodora Hadumaon},
  year={2020},
  journal={Jurnal Kebijakan Kesehatan Indonesia: JKKI},
  volume={9},
  number={2},
  pages={98--106},
  url={https://journal.ugm.ac.id/jkki/article/view/55475/27989}
}

@inproceedings{stancioff2016locality,
  title={Locality and Landscape Change: Cultural Values and Social-Ecological Resiliency in the {K}alinago Territory},
  author={Stancioff, Charlotte Eloise},
  year={2016},
  booktitle={Landscape Values: Place and Praxis. {C}onference, Galway, 29th June--2nd July, 2016},
  editor={Collins, Tim and Kindermann, Gesche and Newman, Conor and Cronin, Nessa},
  organization={NUI Galway, Centre for Landscape Studies},
  pages={335--343},
  doi={10379/7340}
}

@mastersthesis{starke2016generating,
  title={Generating Policy Change in Situations of Equilibrium: Shifting Discourse Networks in the Case of Wild Circus Animals in {G}ermany},
  author={Starke, Jan},
  type={Master's Thesis},
  school={Universiteit Utrecht, Copernicus Institute of Sustainable Development, Environmental Governance Section},
  year={2016},
  doi={20.500.12932/25449}
}

@article{steinfeld2016f,
  title={The {F}-Campaign: A Discourse Network Analysis of Party Leaders' Campaign Statements on {F}acebook},
  author={Steinfeld, Nili},
  journal={Israel Affairs},
  volume={22},
  number={3--4},
  pages={743--759},
  year={2016},
  publisher={Taylor \& Francis},
  doi={10.1080/13537121.2016.1174385}
}

@mastersthesis{stjacques2019us,
  title={Us and Them. {M}apping Discourse Coalitions in the {EU} Copyright Directive Debate},
  author={St-Jacques, Bruno},
  year={2019},
  type={Master's Thesis},
  school={Hertie School of Governance, Master of Public Policy},
  url={https://www.researchgate.net/publication/362156055_Us_and_them_-_Mapping_discourse_coalitions_in_the_EU_Copyright_Directive_debate}
}

@book{stoddart2020industrial,
  title={Industrial Development and Eco-Tourisms. {C}an Oil Extraction and Nature Conservation Co-Exist?},
  author={Stoddart, Mark C. J. and Mattoni, Alice and McLevey, John},
  year={2020},
  publisher={Palgrave Macmillan},
  address={Cham},
  doi={10.1007/978-3-030-55944-1}
}

@article{stoddart2020envisioning,
  title={Envisioning Energy Futures in the {N}orth {A}tlantic Oil Industry: Avoidance, Persistence, and Transformation as Responses to Climate Change},
  author={Stoddart, Mark C. J. and McCurdy, Patrick and Slawinski, Natalie and Collins, Cory G.},
  journal={Energy Research \& Social Science},
  volume={69},
  pages={101662},
  year={2020},
  publisher={Elsevier},
  doi={10.1016/j.erss.2020.101662}
}

@article{stoddart2016nature,
  title={Is Nature-Oriented Tourism a Pro-Environmental Practice? {E}xamining Tourism--Environmentalism Alignments through Discourse Networks and Intersectoral Relationships},
  author={Stoddart, Mark C. J. and Nezhadhossein, Elahe},
  journal={The Sociological Quarterly},
  volume={57},
  number={3},
  pages={544--568},
  year={2016},
  publisher={Taylor \& Francis},
  doi={10.1111/tsq.12148}
}

@article{stoddart2023competing,
  title={Competing Crises? {M}edia Coverage and Framing of Climate Change during the {C}OVID-19 Pandemic},
  author={Stoddart, Mark C. J. and Ramos, Howard and Foster, Karen and Yl{\"a}-Anttila, Tuomas},
  journal={Environmental Communication},
  volume={17},
  number={3},
  pages={276--292},
  year={2023},
  publisher={Taylor \& Francis},
  doi={10.1080/17524032.2021.1969978}
}

@article{stoddart2016endangered,
  title={The Endangered Arctic, the Arctic as Resource Frontier: {C}anadian News Media Narratives of Climate Change and the North},
  author={Stoddart, Mark C. J. and Smith, Jillian},
  journal={Canadian Review of Sociology/Revue canadienne de sociologie},
  volume={53},
  number={3},
  pages={316--336},
  year={2016},
  publisher={Wiley Online Library},
  doi={10.1111/cars.12111}
}

@article{stoddart2015canadian,
  title={Canadian News Media and the Cultural Dynamics of Multilevel Climate Governance},
  author={Stoddart, Mark C. J. and Tindall, David B.},
  journal={Environmental Politics},
  volume={24},
  number={3},
  pages={401--422},
  year={2015},
  publisher={Taylor \& Francis},
  doi={10.1080/09644016.2015.1008249}
}

@article{stoddart2017media,
  title={Media Access and Political Efficacy in the Eco-Politics of Climate Change: {C}anadian National News and Mediated Policy Networks},
  author={Stoddart, Mark C. J. and Tindall, David B. and Smith, Jillian and Haluza-Delay, Randolph},
  journal={Environmental Communication},
  volume={11},
  number={3},
  pages={386--400},
  year={2017},
  publisher={Taylor \& Francis},
  doi={10.1080/17524032.2016.1275731}
}

@article{stoddart2022roles,
  title={What are the Roles of Regional and Local Climate Governance Discourse and Actors? {M}ediated Climate Change Policy Networks in {A}tlantic {C}anada},
  author={Stoddart, Mark C. J. and Yang, Yixi},
  journal={Review of Policy Research},
  year={2022},
  publisher={Wiley Online Library},
  note={Forthcoming},
  doi={10.1111/ropr.12510}
}

@article{swacha2022europeanization,
  title={The {E}uropeanization of {P}olish Climate Policy},
  author={Swacha, Piotr and Karaczun, Zbigniew M. and Murawska, Daria},
  journal={Ekonomia i {\'S}rodowisko -- Economics and Environment},
  volume={83},
  number={4},
  pages={62--75},
  year={2022},
  doi={10.34659/eis.2022.83.4.482}
}

@article{swarnakar2022beliefs,
  title={Beliefs and Networks: Mapping the {I}ndian Climate Policy Discourse Surrounding the {P}aris Climate Change Conference in 2015},
  author={Swarnakar, Pradip and Shukla, Rajshri and Broadbent, Jeffrey},
  journal={Environmental Communication},
  volume={16},
  number={2},
  pages={145--162},
  year={2022},
  publisher={Taylor \& Francis},
  doi={10.1080/17524032.2021.1973528}
}

@mastersthesis{swedenmark2018vi,
  title={``Vi ska str{\"a}cka oss lite l{\"a}ngre {\"a}n vi beh{\"o}ver''. {E}n fallstudie om diskursen kring mellanorganisatorisk samverkan inom {S}tockholmsregionen},
  author={Swedenmark, Sara {\"O}neg{\aa}rd},
  year={2018},
  type={Magisteruppsats i statsvetenskap},
  school={Mittuniversitetet},
  url={https://www.diva-portal.org/smash/get/diva2:1239608/FULLTEXT01.pdf}
}

@phdthesis{swinkels2021role,
  title={The Role of {EU} Leaders and Ideas in Managing the {E}urozone Crisis: Navigating Uncharted Territory},
  author={Swinkels, Eva Marij},
  year={2021},
  school={Utrecht University},
  address={Utrecht, The Netherlands},
  doi={10.33540/563}
}

@article{swinkels2022deciding,
  title={Deciding upon the Banking Union: How a Joint Belief Shift Instigated Deep Institutional Change in {E}urozone Governance},
  author={Swinkels, Marij and van Esch, Femke},
  journal={European Policy Analysis},
  volume={8},
  number={1},
  pages={9--32},
  year={2022},
  publisher={Wiley Online Library},
  doi={10.1002/epa2.1137}
}

@mastersthesis{taranger2020institutionalisation,
  title={The Institutionalisation of Climate Justice in the Global Governance Architecture},
  author={Taranger, Karianne K.},
  type={Master's Thesis},
  school={Universiteit Utrecht, Copernicus Institute of Sustainable Development, Environmental Governance Section},
  year={2020},
  doi={20.500.12932/37064}
}

@article{tobin2018mapping,
  title={Mapping States' {P}aris Climate Pledges: Analysing Targets and Groups at {COP} 21},
  author={Tobin, Paul and Schmidt, Nicole M. and Tosun, Jale and Burns, Charlotte},
  journal={Global Environmental Change},
  volume={48},
  pages={11--21},
  year={2018},
  publisher={Elsevier},
  doi={10.1016/j.gloenvcha.2017.11.002}
}

@phdthesis{tolstukha2022stalemate,
  title={Stalemate in the Democratic Reform Debate of the {E}uropean {U}nion? A Dynamic Discourse Network Analysis of Actors and their Commitment to Reform Options},
  author={Tolstukha, Ekaterina},
  year={2022},
  school={University of Glasgow, School of Social and Political Sciences},
  doi={10.5525/gla.thesis.83036}
}

@incollection{tosun2016politics,
  title={The Politics of Hydraulic Fracturing in {G}ermany: Party Competition at Different Levels of Government},
  author={Tosun, Jale and Lang, Achim},
  booktitle={Policy Debates on Hydraulic Fracturing. {C}omparing Coalition Politics in North America and Europe},
  pages={177--200},
  year={2016},
  publisher={Palgrave Macmillan},
  editor={Weible, Christopher M. and Heikkila, Tanya and Ingold, Karin and Fischer, Manuel},
  address={New York},
  doi={10.1057/978-1-137-59574-4_7}
}

@article{tosun2017mobilization,
  title={Mobilization in the {E}uropean Public Sphere: The Struggle over Genetically Modified Organisms},
  author={Tosun, Jale and Schaub, Simon},
  journal={Review of Policy Research},
  volume={34},
  number={3},
  pages={310--330},
  year={2017},
  publisher={Wiley Online Library},
  doi={10.1111/ropr.12235}
}

@mastersthesis{tribulova2019postoj,
  title={Postoj \v{C}eskej republiky k energetickej tranz{\'i}cii v kontexte Energiewende â€“- anal{\'y}za politick{\'e}ho diskurzu},
  author={Tribulov{\'a}, Zuzana},
  year={2019},
  type={Master's Thesis},
  school={Masaryk University, Faculty of Social Studies},
  url={https://is.muni.cz/th/f7wcd/}
}

@mastersthesis{tuinenburg2019effect,
  title={The Effect of Discourse Networks on the Leading Support Schemes for Renewable Electricity},
  author={Tuinenburg, Jos},
  type={Master's Thesis},
  school={Universiteit Utrecht, Sustainable Development, Earth System Governance},
  year={2019},
  doi={20.500.12932/35280}
}

@phdthesis{umansky2022securitization,
  title={Securitization and Social Media Networks: Who Tweets Security?},
  author={Umansky Casapa, Natalia},
  year={2022},
  school={University College Dublin, School of Politics and International Relations},
  type={Doctoral Thesis},
  doi={10197/13289}
}

@mastersthesis{vankova2019tavzba,
  title={{\v{T}}a{\v{z}}ba hned{\'e}ho uhlia na Hornej Nitre: anal{\`y}za diskurz{\'i}vnych siet{\'i}},
  author={Vankov{\'a}, Lucia},
  year={2019},
  school={Masaryk University, Faculty of Social Studies},
  type={Master's Thesis},
  url={https://is.muni.cz/th/zr7zl/}
}

@article{vaughan2020talking,
  title={Talking about Tax: The Discursive Distance between 38 {D}egrees and {G}et{U}p},
  author={Vaughan, Michael},
  journal={Journal of Information Technology \& Politics},
  volume={17},
  number={2},
  pages={114--129},
  year={2020},
  publisher={Taylor \& Francis},
  doi={10.1080/19331681.2019.1705220}
}

@article{vedres2022multivocality,
  title={Multivocality and Robust Action Dynamics in Political Discourse},
  author={Vedres, Bal{\'a}zs},
  journal={Poetics},
  volume={90},
  pages={101576},
  year={2022},
  publisher={Elsevier},
  doi={10.1016/j.poetic.2021.101576}
}
@article{vesa2020quiet,
  title={The Quiet Opposition: How the Pro-Economy Lobby Influences Climate Policy},
  author={Vesa, Juho and Gronow, Antti and YlÃ¤-Anttila, Tuomas},
  year={2020},
  journal={Global Environmental Change},
  volume={63},
  pages={102117},
  doi={10.1016/j.gloenvcha.2020.102117}
}

@article{vogeler2022integration,
  title={The Integration of Environmental Objectives in the Common Agricultural Policyâ€”Partisan Politics in the {E}uropean {P}arliament},
  author={Vogeler, Colette S.},
  journal={Zeitschrift f{\"u}r Vergleichende Politikwissenschaft},
  volume={15},
  number={4},
  pages={551--569},
  year={2022},
  publisher={Springer},
  doi={10.1007/s12286-021-00496-3}
}

@article{vogeler2021shifting,
  title={Shifting Governance Cooperatively -- Coordination by Public Discourses in the {G}erman Water--Food Nexus},
  author={Vogeler, Colette S. and M{\"o}ck, Malte and Bandelow, Nils C.},
  journal={Journal of Environmental Management},
  volume={286},
  pages={112266},
  year={2021},
  publisher={Elsevier},
  doi={10.1016/j.jenvman.2021.112266}
}

@article{vogeler2021agri,
  title={Agri-Food Technology Politics: Exploring Policy Narratives in the {E}uropean {P}arliament},
  author={Vogeler, Colette S. and Schwindenhammer, Sandra and Gonglach, Denise and Bandelow, Nils C.},
  journal={European Policy Analysis},
  volume={7},
  pages={324--343},
  year={2021},
  publisher={Wiley Online Library},
  doi={10.1002/epa2.1114}
}

@article{von2021plenardebatten,
  title={Plenardebatten als {S}piegel sich wandelnder {D}iskurskoalitionen: Die {P}ositionierung der {B}undestagsfraktionen zum {V}erh{\"a}ltnis von {\"O}kologie und {\"O}konomie seit 1977},
  author={von Steinsdorff, Silvia and Gottmann, Lennard and H{\"u}ggelmeyer, Malte and Jeske, Ines-Maria and Onkelbach, Charlotte and Siebeking, Johanna},
  journal={ZParl Zeitschrift f{\"u}r Parlamentsfragen},
  volume={52},
  number={3},
  pages={640--658},
  year={2021},
  publisher={Nomos Verlagsgesellschaft mbH \& Co. KG},
  doi={10.5771/0340-1758-2021-3-640}
}

@article{wagner2017trends,
  title={Trends, Frames and Discourse Networks: Analysing the Coverage of Climate Change in {I}rish Newspapers},
  author={Wagner, Paul and Payne, Diane},
  journal={Irish Journal of Sociology},
  volume={25},
  number={1},
  pages={5--28},
  year={2017},
  publisher={SAGE Publications Sage UK: London, England},
  doi={10.7227/IJS.0011}
}

@article{wallaschek2019discursive,
  title={The Discursive Appeal to Solidarity and Partisan Journalism in {E}urope's Migration Crisis},
  author={Wallaschek, Stefan},
  journal={Social Inclusion},
  volume={7},
  number={2},
  pages={187--197},
  year={2019},
  doi={10.17645/si.v7i2.1963}
}

@phdthesis{wallaschek2019mapping,
  title={Mapping Solidarity in {E}urope. {D}iscourse Networks in the {E}uro Crisis and {E}urope's Migration Crisis},
  author={Wallaschek, Stefan},
  year={2019},
  type={Doctoral Dissertation},
  school={University of Bremen, Bremen International Graduate School of Social Sciences (BIGSSS), Department of Social Sciences},
  url={http://nbn-resolving.de/urn:nbn:de:gbv:46-00107787-17}
}

@incollection{wallaschek2020analyzing,
  title={Analyzing the {E}uropean Parliamentary Elections in 2019: Actor Visibility and Issue-Framing in Transnational Media},
  author={Wallaschek, Stefan},
  year={2020},
  booktitle={Die {E}uropwahl 2019. {R}ingen um die {Z}ukunft {E}uropas},
  editor={Kaeding, Michael and M{\"u}ller, Manuel and Schm{\"a}lter, Julia},
  pages={219--230},
  publisher={Springer VS},
  address={Wiesbaden},
  doi={10.1007/978-3-658-29277-5_18}
}

@article{wallaschek2020contested,
  title={Contested Solidarity in the {E}uro Crisis and {E}urope's Migration Crisis: A Discourse Network Analysis},
  author={Wallaschek, Stefan},
  journal={Journal of European Public Policy},
  volume={27},
  number={7},
  pages={1034--1053},
  year={2020},
  publisher={Taylor \& Francis},
  doi={10.1080/13501763.2019.1659844}
}

@article{wallaschek2020framing,
  title={Framing Solidarity in the {E}uro Crisis: A Comparison of the {G}erman and {I}rish Media Discourse},
  author={Wallaschek, Stefan},
  journal={New Political Economy},
  volume={25},
  number={2},
  pages={231--247},
  year={2020},
  publisher={Taylor \& Francis},
  doi={10.1080/13563467.2019.1586864}
}

@article{wallaschek2020discursive,
  title={The Discursive Construction of Solidarity: Analysing Public Claims in {E}urope's Migration Crisis},
  author={Wallaschek, Stefan},
  journal={Political Studies},
  volume={68},
  number={1},
  pages={74--92},
  year={2020},
  publisher={SAGE Publications Sage UK: London, England},
  doi={10.1177/0032321719831585}
}

@article{wallaschek2017notions,
  title={Notions of Solidarity in {E}urope's Migration Crisis: The Case of {G}ermany's Media Discourse},
  author={Wallaschek, Stefan},
  journal={EuropeNow Journal},
  year={2017},
  publisher={Council for European Studies (CES), Columbia University},
  volume={11},
  url={https://www.europenowjournal.org/issues/issue-11-oct-2017/}
}

@article{wallaschek2022same,
  title={Same Same but Different? {G}ender Politics and (Trans-) National Value Contestation in {E}urope on {T}witter},
  author={Wallaschek, Stefan and Kaushik, Kavyanjali and Verbalyte, Monika and Sojka, Aleksandra and Sorci, Giuliana and Trenz, Hans-J{\"o}rg and Eigm{\"u}ller, Monika},
  journal={Politics and Governance},
  volume={10},
  number={1},
  pages={146--160},
  year={2022},
  doi={10.17645/pag.v10i1.4751}
}

@article{wallaschek2020solidarity,
  title={Solidarity in the Public Sphere: A Discourse Network Analysis of {G}erman Newspapers (2008--2017)},
  author={Wallaschek, Stefan and Starke, Christopher and Br{\"u}ning, Carlotta},
  journal={Politics and Governance},
  volume={8},
  number={2},
  year={2020},
  publisher={Cogitatio Press},
  doi={10.17645/pag.v8i2.2609}
}

@phdthesis{wang2018dynamic,
  title={Dynamic Constructed Climate Change Discourses and Discourse Networks across Newspapers in {C}hina around Three Critical Policy Moments: A Comparative Study of {P}eople's {D}aily, {C}hina {D}aily, and {S}outhern {W}eekend},
  author={Wang, Sidan},
  year={2018},
  month={February},
  school={University of Exeter, Department of Politics},
  url={http://hdl.handle.net/10871/33375}
}

@article{wang2017unfolding,
  title={Unfolding Policies for Innovation Intermediaries in {C}hina: A Discourse Network Analysis},
  author={Wang, Chadwick and Wang, Luhao},
  journal={Science and Public Policy},
  volume={44},
  number={3},
  pages={354--368},
  year={2017},
  publisher={Oxford University Press},
  doi={10.1093/scipol/scw068}
}

@article{wang2021examining,
  title={Examining the Actor Coalitions and Discourse Coalitions of the Opt-Out Movement in {N}ew {Y}ork: A Discourse Network Analysis},
  author={Wang, Yinying},
  journal={Teachers College Record},
  volume={123},
  number={5},
  pages={1--26},
  year={2021},
  publisher={SAGE Publications Sage CA: Los Angeles, CA},
  doi={10.1177/016146812112300506}
}

@article{wang2017social,
  title={The Social Networks and Paradoxes of the Opt-Out Movement amid the Common Core State Standards Implementation},
  author={Wang, Yinying},
  year={2017},
  journal={Education Policy Analysis Archives},
  volume={25},
  number={34},
  pages={1--27},
  doi={10.14507/epaa.25.2757}
}

@article{wang2020understanding,
  title={Understanding {C}ongressional Coalitions: A Discourse Network Analysis of {C}ongressional Hearings for the {E}very {S}tudent {S}ucceeds Act},
  author={Wang, Yinying},
  journal={Education Policy Analysis Archives},
  volume={28},
  number={119},
  pages={1--30},
  year={2020},
  doi={10.14507/epaa.28.4451}
}

@article{westenberger2022soders,
  title={S{\"o}ders {\"O}kofeuerwerk und die Gr{\"u}nf{\"a}rbung der {CSU}: {D}iskursnetzwerke im bayrischen {T}hemenwettbewerb},
  author={Westenberger, Gina-Julia and Schneider, Volker},
  journal={Zeitschrift f{\"u}r vergleichende Politikwissenschaft},
  volume={15},
  number={4},
  pages={641--665},
  year={2022},
  publisher={Springer},
  doi={10.1007/s12286-021-00513-5}
}

@article{wibisono2023contestation,
  title={The Contestation of Ideas behind {I}ndonesia's Rural Electrification Policies: The Influence of Global and National Institutional Dynamics},
  author={Wibisono, Hafidz and Lovett, Jon C. and Anindito, Dhimas Bayu},
  journal={Development Policy Review},
  year={2023},
  volume={41},
  number={1},
  pages={e12650},
  publisher={Wiley Online Library},
  doi={10.1111/dpr.12650}
}

@article{wu2020deception,
  title={Deception Detection Methods Incorporating Discourse Network Metrics in Synchronous Computer-Mediated Communication},
  author={Wu, Jiang and Liu, Yangyang},
  journal={Journal of Information Science},
  volume={46},
  number={1},
  pages={64--81},
  year={2020},
  publisher={SAGE Publications Sage UK: London, England},
  doi={10.1177/0165551518823176}
}

@article{wu2015dobnet,
  title={{DOBN}et: Exploiting the Discourse of Deception Behaviour to Uncover Online Deception Strategies},
  author={Wu, Jiang and Zhou, Lina},
  journal={Behaviour \& Information Technology},
  volume={34},
  number={9},
  pages={936--948},
  year={2015},
  publisher={Taylor \& Francis},
  doi={10.1080/0144929X.2015.1016116}
}

@article{yan2023college,
  title={The College Admission Policy Evolution from 2003 to 2020 in {C}hina -- A Social Network Analysis},
  author={Yan, Kun and Wu, Han and Bu, Kaiming and Wu, Lingli},
  year={2023},
  journal={Higher Education Policy},
  note={Forthcoming},
  doi={10.1057/s41307-022-00300-1}
}

@article{yap2023emerging,
  title={Emerging Global Socio-Technical Regimes for Tackling Space Debris: A Discourse Network Analysis},
  author={Yap, Xiao-Shan and Heiberg, Jonas and Truffer, Bernhard and David, Emmanuelle and Kneib, Jean-Paul},
  journal={Acta Astronautica},
  year={2023},
  volume={207},
  pages={445--454},
  publisher={Elsevier},
  doi={10.1016/j.actaastro.2023.01.016}
}

@article{you2021exploring,
  title={Exploring Instigator and Defender Policy Scenarios in the Siting of Energy Infrastructure},
  author={You, Jongeun and Weible, Christopher M. and Heikkila, Tanya},
  year={2021},
  journal={Politics \& Policy},
  volume={50},
  number={1},
  pages={8--32},
  doi={10.1111/polp.12442}
}

@article{yordy2023exploring,
  title={Exploring Emotional Discourses: The Case of {COVID}-19 Protests in the {US} Media},
  author={Yordy, Jill and Durnov{\'a}, Anna and Weible, Christopher M.},
  journal={Administrative Theory \& Praxis},
  note={Forthcoming},
  year={2023},
  doi={10.1080/10841806.2023.2176074}
}

@article{yordy2019framing,
  title={Framing Contests and Policy Conflicts over Gas Pipelines},
  author={Yordy, Jill and You, Jongeun and Park, Kyudong and Weible, Christopher M. and Heikkila, Tanya},
  journal={Review of Policy Research},
  volume={36},
  number={6},
  pages={736--756},
  year={2019},
  publisher={Wiley Online Library},
  doi={10.1111/ropr.12364}
}

@article{you2020policy,
  title={Policy Conflicts in the Siting of Natural Gas Pipelines},
  author={You, Jongeun and Yordy, Jill and Park, Kyudong and Heikkila, Tanya and Weible, Christopher M.},
  journal={Journal of Environmental Policy \& Planning},
  volume={22},
  number={4},
  pages={501--517},
  year={2020},
  publisher={Taylor \& Francis},
  doi={10.1080/1523908X.2020.1778457}
}

@article{you2021comparing,
  title={Comparing Policy Conflict on Electricity Transmission Line Sitings},
  author={You, Jongeun and Yordy, Jill and Weible, Christopher M. and Park, Kyudong and Heikkila, Tanya and Gilchrist, Duncan},
  journal={Public Policy and Administration},
  pages={09520767211036800},
  year={2021},
  publisher={SAGE Publications Sage UK: London, England},
  volume={38},
  number={1},
  pages={107â€“-129},
  doi={10.1177/09520767211036800}
}

@mastersthesis{zakova2023expertization,
  title={Expertization of the {C}zech Climate Policy Network},
  author={{\v{Z}}akov{\'a}, Krist{\'i}na},
  year={2023},
  school={Masaryk University, Faculty of Social Studies},
  url={https://is.muni.cz/th/f9wdw/}
}
